% Encoding: UTF-8
@inproceedings{confbib1,
  author = {Фамилия, И. О.},
  title = {название тезисов конференции},
  booktitle = {Название сборника},
  year = {2015},
  language = {russian},
  authorconf = {true},
}

@CONFERENCE{confbib2,
  author = {Фамилия, И. О.},
  title = {название тезисов конференции},
  booktitle = {Название сборника},
  year = {2015},
  language = {russian},
  authorconf = {true},
}

@ARTICLE{bib1,
  author = {Фамилия, И. О.},
  title = {Название статьи},
  journal = {Журнал},
  year = {2012},
  volume = {1},
  pages = {100},
  language = {russian},
  authorother = {true},
  authorconf = {true},
}

@CONFERENCE{bib2,
  author = {Фамилия, И. О.},
  title = {название тезисов конференции},
  booktitle = {Название сборника},
  year = {2012},
  language = {russian},
  authorconf = {true},
}

@ARTICLE{scbib1,
  author = {Фамилия, И. О. and Фамилия2, И. О. and Фамилия3, И. О.},
  title = {Название статьи},
  journal = {Журнал},
  year = {2018},
  volume = {2},
  number = {1},
  pages = {99--102},
  language = {russian},
  authorscopus = {true},
  authorwos = {true},
  addendum = {(Scopus, WoS)},
}

@ARTICLE{vakbib1,
  author = {Фамилия, И. О. and Фамилия2, И. О. and Фамилия3, И. О.},
  addendum = {(0,28~п.~л.; ВАК, WoS)},
  title = {Название статьи},
  journal = {Журнал},
  year = {2013},
  volume = {1},
  number = {5},
  pages = {100--120},
  language = {russian},
  authorvak = {true},
  authorwos = {true},
}

@ARTICLE{vakbib2,
  author = {Фамилия, И. О. and Фамилия2, И. О. and Фамилия3, И. О. and Фамилия4, И. О.},
  addendum = {(0,33~п.~л.~/ 0,28~п.~л.; ВАК)},
  title = {Название статьи},
  journal = {Журнал},
  year = {2014},
  volume = {1},
  number = {5},
  pages = {100--120},
  language = {russian},
  authorvak = {true},
}

@ARTICLE{wosbib1,
  author = {Фамилия, И. О. and Фамилия2, И. О. and Фамилия3, И. О.},
  addendum = {(0,21~п.~л., WoS)},
  title = {Название статьи},
  journal = {Журнал},
  year = {2011},
  volume = {1},
  number = {8},
  pages = {105--120},
  language = {russian},
  authorwos = {true},
}

@InProceedings{васеева2019сравнительный,
  author    = {Васеева, ТВ and Альтман, ЕА and Елизаров, ДА},
  title     = {Сравнительный анализ методов определения параметров гармоник сигнала электрической сети},
  booktitle = {Инновационные проекты и технологии в образовании, промышленности и на транспорте},
  year      = {2019},
  pages     = {261--267},
  keywords  = {качество электрической энергии, гармоники, интергармоники, оконная функция },
  url       = {https://elibrary.ru/download/elibrary_37530330_61900460.pdf},
}

@InProceedings{васеева2018применение,
  author    = {Васеева, Татьяна Валерьевна and Альтман, Евгений Анатольевич and Малютин, Андрей Геннадьевич},
  title     = {Применение быстрых алгоритмов для выполнения фильтрации изображений},
  booktitle = {Современные проблемы радиоэлектроники},
  year      = {2018},
  pages     = {162--165},
}

@InProceedings{васеева2019,
  author    = {Васеева, ТВ and Альтман, ЕА and Александров, АВ},
  title     = {Сравнительный анализ применения алгоритмов определения частоты при оценке гармоник в электрических сетях},
  booktitle = {Системы управления, информационные технологии и математическое моделирование},
  year      = {2019},
  pages     = {61--66},
  keywords  = {цифровая обработка сигналов, качество электрической энергии, гармоники, алгоритмы, Быстрое Преобразование Фурье },
  url       = {https://elibrary.ru/download/elibrary_38249025_91173531.pdf},
}

@InProceedings{альтман2018расширение,
  author    = {Альтман, ЕА and Афанасьева, НС and Васеева, ТВ},
  title     = {Расширение глубины резкости изображений программным способом},
  booktitle = {Инновационные проекты и технологии в образовании, промышленности и на транспорте},
  year      = {2018},
  pages     = {222--227},
  keywords  = {глубина резкости, вычислительная фотография, стекирование изображений, особые точки, детектор особых точек, гомография, размытие гаусса, лаплассиан, сшивка изображений},
}

@Article{васееваисследование,
  author   = {Васеева, Татьяна Валериевна and Альтман, Евгений Анатольевич},
  title    = {Исследование точности математических моделей алгоритмов реализованных на языках высокого уровня},
  journal  = {Информационные и управляющие системы на транспорте и в},
  year     = {2018},
  pages    = {236--243},
  keywords = {быстродействия алгоритмов, временные затраты, свертка },
  url      = {https://elibrary.ru/download/elibrary_35626656_49101388.pdf},
}

@InProceedings{александров2018оценка,
  author    = {Александров, Александр and Васеева, Татьяна and Ананьева, Надежда},
  title     = {Оценка эффективности алгоритма корреляции для различных аппаратных платформ},
  booktitle = {Тезисы XIX Всероссийской конференции молодых учёных по математическому моделированию и информационным технологиям},
  year      = {2018},
  pages     = {54--54},
  url       = {https://elibrary.ru/download/elibrary_36395606_65823953.pdf},
}

@InProceedings{васеева2018информационно,
  author    = {Васеева, ТВ and Альтман, ЕА and Елизаров, ДА},
  title     = {Информационно-измерительная система для анализа гармоник сигнала в электрической сети},
  booktitle = {САПР и моделирование в современной электронике},
  year      = {2018},
  pages     = {131--135},
  doi       = {10.30987/conferencearticle_5c19e5fbf19926.94126870},
  url       = {http://www.niiatm.ru/misapr/article140},
}

@Article{Васеева2017,
  author   = {Васеева, Татьяна Валериевна and Александров, Александр Владимирович},
  title    = {Реализация алгоритмов вычисления корреляции для диагностирования подвижного состава методами корреляционного анализа},
  journal  = {ТЕХНОЛОГИЧЕСКОЕ ОБЕСПЕЧЕНИЕ РЕМОНТА И ПОВЫШЕНИЕ ДИНАМИЧЕСКИХ КАЧЕСТВ ЖЕЛЕЗНОДОРОЖНОГО ПОДВИЖНОГО СОСТАВА},
  year     = {2017},
  keywords = {корреляционный анализ, коэффициент корреляции, корреляция },
  url      = {https://elibrary.ru/download/elibrary_32167635_26178414.pdf},
}

@InProceedings{терентьева2017алгоритм,
  author    = {Терентьева, АВ and Васеева, ТВ and Кильдибеков, АБ},
  title     = {Алгоритм детектирования лиц в различных ракурсах и наклонах},
  booktitle = {Инновационные проекты и технологии в образовании, промышленности и на транспорте},
  year      = {2017},
  pages     = {250--255},
  keywords  = {компьютерное зрение, алгоритмы распознавания лиц, библиотека opencv, метод виолы-джонса, каскады хаара, мобильное приложение, зеркало, python },
  url       = {https://elibrary.ru/download/elibrary_29370837_30585305.pdf},
}

@InProceedings{васеева2017распознавание,
  author    = {Васеева, Татьяна},
  title     = {Распознавание границ движущихся объектов методами компьютерного зрения},
  booktitle = {Информационно-телекоммуникационные системы и технологии},
  year      = {2017},
  pages     = {304--306},
  url       = {https://elibrary.ru/download/elibrary_30520539_86047036.pdf},
}

@Article{альтман2017применение,
  author    = {Альтман, Евгений Анатольевич and Захаренко, Елена Игоревна and Васеева, Татьяна Валериевна},
  title     = {Применение метода разложения двумерной свертки при реализации цифровых фильтров},
  journal   = {Научный вестник Новосибирского государственного технического университета},
  year      = {2017},
  number    = {4},
  pages     = {95--104},
  doi       = {10.17212/1814-1196-2017-4-95-104},
  keywords  = {двумерная свертка, корреляция, цифровой фильтр, обработка изображений, быстрые алгоритмы, оценка эффективности, ядро фильтра, цифровой сигнал },
  publisher = {Федеральное государственное бюджетное образовательное учреждение высшего~…},
  url       = {https://journals.nstu.ru/vestnik/catalogue/contents/view_article?id=15526},
}

@InProceedings{альтман2019кэш,
  author    = {Альтман, Евгений Анатольевич and Васеева, Татьяна Валериевна and Александров, Александр Владимирович},
  title     = {Кэш-ориентированный алгоритм для вычисления многомерной корреляции},
  booktitle = {Проблемы машиноведения},
  year      = {2019},
  pages     = {385--389},
  keywords  = {свертка, корреляция, кэш память, алгоритм обработки, шаблоны},
  url       = {https://elibrary.ru/download/elibrary_37541855_29354836.pdf},
}

@Standard{ГОСТ30804.4.30-2013,
  title        = {ГОСТ 30804.4.30-2013 (IEC 61000-4-30:2008) Электрическая энергия. Совместимость технических средств электромагнитная. Методы измерений показателей качества электрической энергии (с Поправкой)},
  organization = {М.: Стандартинформ},
  number       = {ГОСТ 30804.4.30-2013},
  year         = {2014},
  url          = {http://docs.cntd.ru/document/1200104665},
  annotation   = {ГОСТ Р 51317.4.30-2008 недействующий, ГОСТ 30804.4.30-2013 действующий},
  date         = {2014-01-01},
  file         = {2014 - ГОСТ 30804.4.30-2013 Электрическая энергия. Совме.pdf:files/130/2014 - ГОСТ 30804.4.30-2013 Электрическая энергия. Совме.pdf:application/pdf;2014 - ГОСТ 30804.4.30-2013 Электрическая энергия. Совме.pdf:files/157/2014 - ГОСТ 30804.4.30-2013 Электрическая энергия. Совме.pdf:application/pdf},
  urldate      = {2019-11-16},
}

@Standard{ГОСТ33073-2014,
  title        = {{ГОСТ} 33073-2014 Электрическая энергия. Совместимость технических средств электромагнитная. Контроль и мониторинг качества электрической энергии в системах электроснабжения общего назначения (с Поправкой)},
  organization = {М.: Стандартинформ},
  number       = {ГОСТ 33073-2014},
  url          = {http://docs.cntd.ru/document/1200115349},
  annotation   = {Статус: действует},
  date         = {2015-01-01},
  file         = {2015 - ГОСТ 33073-2014 Электрическая энергия. Совместимо.pdf:files/374/2015 - ГОСТ 33073-2014 Электрическая энергия. Совместимо.pdf:application/pdf},
  urldate      = {2019-12-03},
}

@Standard{ГОСТ30804.4.7-2013,
  title        = {ГОСТ 30804.4.7-2013 (IEC 61000-4-7:2009) Совместимость технических средств электромагнитная. Общее руководство по средствам измерений и измерениям гармоник и интергармоник для систем электроснабжения и подключаемых к ним технических средств (с Поправкой)},
  organization = {М.: Стандартинформ},
  number       = {ГОСТ 30804.4.7-2013},
  url          = {http://docs.cntd.ru/document/1200103652/},
  annotation   = {ГОСТ Р 51317.4.7-2008 недействующий, ГОСТ 30804.4.7-2013 действующий},
  date         = {2014-01-01},
  file         = {2014 - ГОСТ 30804.4.7-2013 Совместимость технических сре.pdf:files/146/2014 - ГОСТ 30804.4.7-2013 Совместимость технических сре.pdf:application/pdf;2014 - ГОСТ 30804.4.7-2013 Совместимость технических сре.pdf:files/148/2014 - ГОСТ 30804.4.7-2013 Совместимость технических сре.pdf:application/pdf},
  urldate      = {2019-12-03},
}

@Standard{ГОСТ32144-2013,
  title        = {ГОСТ 32144-2013 Электрическая энергия. Совместимость технических средств электромагнитная. Нормы качества электрической энергии в системах электроснабжения общего назначения},
  organization = {М.: Стандартинформ},
  number       = {ГОСТ 32144-2013},
  url          = {http://docs.cntd.ru/document/1200104301},
  annotation   = {ГОСТ Р 54149-2010 недействующий, ГОСТ 32144-2013 действующий},
  date         = {2014-07-01},
  file         = {2014 - ГОСТ 32144-2013 Электрическая энергия. Совместимо.pdf:files/81/2014 - ГОСТ 32144-2013 Электрическая энергия. Совместимо.pdf:application/pdf;2014 - ГОСТ 32144-2013 Электрическая энергия. Совместимо.pdf:files/158/2014 - ГОСТ 32144-2013 Электрическая энергия. Совместимо.pdf:application/pdf},
  urldate      = {2019-12-03},
}

@Standard{ГОСТР54149-2010,
  title        = {ГОСТ Р 54149-2010 Электрическая энергия. Совместимость технических средств электромагнитная. Нормы качества электрической энергии в системах электроснабжения общего назначения},
  organization = {М.: Стандартинформ},
  number       = {ГОСТ Р 54149-2010},
  url          = {http://docs.cntd.ru/document/1200084639},
  annotation   = {ГОСТ Р 54149-2010 недействующий, ГОСТ 32144-2013 действующий},
  date         = {2013-01-01},
  file         = {2013 - ГОСТ Р 54149-2010 Электрическая энергия. Совмести.pdf:files/140/2013 - ГОСТ Р 54149-2010 Электрическая энергия. Совмести.pdf:application/pdf;2013 - ГОСТ Р 54149-2010.pdf:files/78/2013 - ГОСТ Р 54149-2010.pdf:application/pdf},
  urldate      = {2019-12-03},
}

@Standard{ГОСТР51317.4.30-2008,
  title        = {ГОСТ Р 51317.4.30-2008 (МЭК 61000-4-30:2008) Электрическая энергия. Совместимость технических средств электромагнитная. Методы измерений показателей качества электрической энергии},
  organization = {М.: Стандартинформ},
  number       = {ГОСТ Р 51317.4.30-2008},
  url          = {http://docs.cntd.ru/document/1200072576},
  annotation   = {ГОСТ Р 51317.4.30-2008 недействующий, ГОСТ 30804.4.30-2013 действующий},
  date         = {2010-01-01},
  file         = {2010 - ГОСТ Р 51317.4.30-2008 Электрическая энергия. Сов.pdf:files/126/2010 - ГОСТ Р 51317.4.30-2008 Электрическая энергия. Сов.pdf:application/pdf;2010 - ГОСТ Р 51317.4.30-2008 Электрическая энергия. Сов.pdf:files/155/2010 - ГОСТ Р 51317.4.30-2008 Электрическая энергия. Сов.pdf:application/pdf},
  urldate      = {2019-12-03},
}

@Standard{ГОСТР51317.4.7-2008,
  title        = {ГОСТ Р 51317.4.7-2008 Совместимость технических средств электромагнитная. Общее руководство по средствам измерений и измерениям гармоник и интергармоник для систем электроснабжения и подключаемых к ним технических средств},
  organization = {М: Стандартинформ},
  number       = {ГОСТ Р 51317.4.7-2008},
  url          = {http://docs.cntd.ru/document/1200072575},
  annotation   = {ГОСТ Р 51317.4.7-2008 недействующий, ГОСТ 30804.4.7-2013 действующий},
  date         = {2010-01-01},
  file         = {2010 - ГОСТ Р 51317.4.7-2008 Совместимость технических с.pdf:files/133/2010 - ГОСТ Р 51317.4.7-2008 Совместимость технических с.pdf:application/pdf;2010 - ГОСТ Р 51317.4.7-2008 Совместимость технических с.pdf:files/154/2010 - ГОСТ Р 51317.4.7-2008 Совместимость технических с.pdf:application/pdf},
  urldate      = {2019-12-03},
}

@Standard{ГОСТР8.655-2009,
  title        = {ГОСТ Р 8.655-2009 Государственная система обеспечения единства измерений (ГСИ). Средства измерений показателей качества электрической энергии. Общие технические требования (с Изменением N 1)},
  organization = {М.: Стандартинформ},
  number       = {ГОСТ Р 8.655-2009},
  url          = {http://docs.cntd.ru/document/1200075494},
  annotation   = {Действующий},
  date         = {2010-07-01},
  file         = {2010 - ГОСТ Р 8.655-2009 Государственная система обеспече.pdf:files/449/2010 - ГОСТ Р 8.655-2009 Государственная система обеспече.pdf:application/pdf},
  urldate      = {2019-03-12},
}

@Standard{ГОСТ13109-97,
  title        = {ГОСТ 13109-97 Электрическая энергия. Совместимость технических средств электромагнитная. Нормы качества электрической энергии в системах электроснабжения общего назначения},
  organization = {М.: Стандартинформ},
  number       = {ГОСТ 13109-97},
  url          = {http://docs.cntd.ru/document/1200006034},
  annotation   = {Недействующий},
  date         = {1999-01-01},
  file         = {1999 - ГОСТ 13109-97 Электрическая энергия. Совместимост.pdf:files/75/1999 - ГОСТ 13109-97 Электрическая энергия. Совместимост.pdf:application/pdf;1999 - ГОСТ 13109-97 Электрическая энергия. Совместимост.pdf:files/136/1999 - ГОСТ 13109-97 Электрическая энергия. Совместимост.pdf:application/pdf},
  urldate      = {2019-12-03},
}

@Standard{ГОСТ30372-95,
  title        = {ГОСТ 30372-95 Совместимость технических средств электромагнитная. Термины и определения (аутентичен ГОСТ Р 50397-92)},
  organization = {М.: Стандартинформ},
  number       = {ГОСТ 30372-95},
  url          = {http://docs.cntd.ru/document/1200015869},
  annotation   = {Недействующий},
  date         = {1997-01-01},
  file         = {2012 - ГОСТ 30372-95 Совместимость технических средств э.pdf:files/103/2012 - ГОСТ 30372-95 Совместимость технических средств э.pdf:application/pdf;2012 - ГОСТ 30372-95 Совместимость технических средств э.pdf:files/156/2012 - ГОСТ 30372-95 Совместимость технических средств э.pdf:application/pdf},
  urldate      = {2019-12-03},
}

@Standard{ГОСТ22261-94,
  title        = {ГОСТ 22261-94 Средства измерений электрических и магнитных величин. Общие технические условия (с Изменением N 1)},
  organization = {М.: Стандартинформ},
  number       = {ГОСТ 22261-94},
  url          = {http://docs.cntd.ru/document/1200023321},
  annotation   = {Действующий},
  date         = {1996-01-01},
  file         = {1996 - ГОСТ 22261-94 Средства измерений электрических и .pdf:files/94/1996 - ГОСТ 22261-94 Средства измерений электрических и .pdf:application/pdf;1996 - ГОСТ 22261-94 Средства измерений электрических и .pdf:files/152/1996 - ГОСТ 22261-94 Средства измерений электрических и .pdf:application/pdf},
  urldate      = {2019-12-03},
}

@Standard{ГОСТ13109-87,
  title        = {ГОСТ 13109-87 Электрическая энергия. Требования к качеству электрической энергии в электрических сетях общего назначения},
  organization = {М.: Издательство стандартов},
  number       = {ГОСТ 13109-87},
  url          = {http://files.stroyinf.ru/Index2/1/4294838/4294838041.htm, http://docs.cntd.ru/document/495793283},
  annotation   = {Недействующий},
  date         = {1989-01-01},
  file         = {1999 - ГОСТ 13109-87 Электрическая энергия. Требования к.pdf:files/115/1999 - ГОСТ 13109-87 Электрическая энергия. Требования к.pdf:application/pdf},
  urldate      = {2019-12-03},
}

@Standard{ГОСТ8.216-88,
  title        = {ГОСТ 8.216-88 (СТ СЭВ 5645-86) Государственная система обеспечения единства измерений (ГСИ). Трансформаторы напряжения. Методика поверки},
  organization = {М.: Издательство стандартов},
  number       = {ГОСТ 8.216-88},
  url          = {http://docs.cntd.ru/document/1200004559},
  annotation   = {Недействующий},
  date         = {1989-01-01},
  file         = {1989 - ГОСТ 8.216-88 Государственная система обеспечения.pdf:files/105/1989 - ГОСТ 8.216-88 Государственная система обеспечения.pdf:application/pdf;1989 - ГОСТ 8.216-88 Государственная система обеспечения.pdf:files/159/1989 - ГОСТ 8.216-88 Государственная система обеспечения.pdf:application/pdf},
  urldate      = {2019-12-03},
}

@Standard{ГОСТ19431-84,
  title        = {ГОСТ 19431-84 Энергетика и электрификация. Термины и определения},
  organization = {М.: Издательство стандартов},
  number       = {ГОСТ 19431-84},
  url          = {http://docs.cntd.ru/document/1200005816},
  annotation   = {Действующий},
  date         = {1986-01-01},
  file         = {1986 - ГОСТ 19431-84 Энергетика и электрификация. Термин.pdf:files/123/1986 - ГОСТ 19431-84 Энергетика и электрификация. Термин.pdf:application/pdf;1986 - ГОСТ 19431-84 Энергетика и электрификация. Термин.pdf:files/151/1986 - ГОСТ 19431-84 Энергетика и электрификация. Термин.pdf:application/pdf},
  urldate      = {2019-12-03},
}

@Standard{ГОСТ12.3.019-80,
  title        = {ГОСТ 12.3.019-80 Система стандартов безопасности труда (ССБТ). Испытания и измерения электрические. Общие требования безопасности (с Изменением N 1)},
  organization = {М.: ИПК Издательство стандартов},
  number       = {ГОСТ 12.3.019-80},
  url          = {http://docs.cntd.ru/document/1200009523},
  annotation   = {Действующий},
  date         = {1981-07-01},
  file         = {1981 - ГОСТ 12.3.019-80 Система стандартов безопасности .pdf:files/96/1981 - ГОСТ 12.3.019-80 Система стандартов безопасности .pdf:application/pdf;1981 - ГОСТ 12.3.019-80 Система стандартов безопасности .pdf:files/150/1981 - ГОСТ 12.3.019-80 Система стандартов безопасности .pdf:application/pdf},
  urldate      = {2019-12-03},
}

@Standard{ГОСТ21027-75,
  title        = {ГОСТ 21027-75 Системы энергетические. Термины и определения (с Изменениями N 1, 2)},
  organization = {М.: Стандартинформ},
  number       = {ГОСТ 21027-75},
  url          = {http://docs.cntd.ru/document/1200011375},
  annotation   = {Недействующий},
  date         = {1976-07-01},
  file         = {1976 - ГОСТ 21027-75 Системы энергетические. Термины и о.pdf:files/119/1976 - ГОСТ 21027-75 Системы энергетические. Термины и о.pdf:application/pdf;1976 - ГОСТ 21027-75 Системы энергетические. Термины и о.pdf:files/137/1976 - ГОСТ 21027-75 Системы энергетические. Термины и о.pdf:application/pdf},
  urldate      = {2019-12-03},
}

@Standard{ГОСТ16263-70,
  title        = {ГОСТ 16263-70 Государственная система обеспечения единства измерений (ГСИ). Метрология. Термины и определения},
  organization = {М.: Издательство стандартов},
  number       = {ГОСТ 16263-70},
  url          = {http://docs.cntd.ru/document/1200004807},
  annotation   = {Недействующий},
  date         = {1971-01-01},
  file         = {1971 - ГОСТ 16263-70 Государственная система обеспечения.pdf:files/100/1971 - ГОСТ 16263-70 Государственная система обеспечения.pdf:application/pdf;1971 - ГОСТ 16263-70 Государственная система обеспечения.pdf:files/153/1971 - ГОСТ 16263-70 Государственная система обеспечения.pdf:application/pdf},
  urldate      = {2019-12-03},
}

@Standard{ГОСТ13109-67,
  title      = {ГОСТ 13109-67 Электрическая энергия. Нормы качества электрической энергии у ее приемников, присоединенных к электрическим сетям общего назначения (с Изменениями N 1-3)},
  number     = {ГОСТ 13109-67},
  url        = {http://docs.cntd.ru/document/495836441},
  annotation = {Недействующий},
  date       = {1968-01-01},
  file       = {1968 - ГОСТ 13109-67 Электрическая энергия. Нормы качест.pdf:files/114/1968 - ГОСТ 13109-67 Электрическая энергия. Нормы качест.pdf:application/pdf},
  urldate    = {2019-12-03},
}

@Standard{ГОСТР51317.4.15-2012,
  title        = {ГОСТ Р 51317.4.15-2012 (МЭК 61000-4-15:2010) Совместимость технических средств электромагнитная. Фликерметр. Функциональные и конструктивные требования},
  organization = {М.: Стандартинформ},
  number       = {ГОСТ Р 51317.4.15-2012},
  year         = {2013},
  url          = {http://docs.cntd.ru/document/1200096463},
  annotation   = {Действующий},
  date         = {2012-01-01},
  urldate      = {2019-11-16},
}

@Online{IEC,
  author  = {Copyright},
  title   = {International Electrotechnical Commission},
  year    = {2019},
  url     = {https://www.iec.ch/#learn},
  urldate = {2019-12-05},
}

@Article{закон2009энергосбережении,
  author  = {Закон, Федеральный},
  title   = {Об энергосбережении и о повышении энергетической эффективности и о внесении изменений в отдельные законодательные акты Российской Федерации},
  journal = {№ 261-ФЗ от 23.11},
  year    = {2009},
  file    = {Федеральный закон от 23_11_2009 N 261-ФЗ (ред_ от 03_08_2018.rtf:files/355/Федеральный закон от 23_11_2009 N 261-ФЗ (ред_ от 03_08_2018.rtf:application/msword},
  url     = {http://www.consultant.ru/document/cons_doc_LAW_93978/},
  urldate = {2019-12-06},
}

@Standard{ГОСТ8.622-2013,
  title        = {ГОСТ 8.622-2013 Государственная система обеспечения единства измерений (ГСИ). Испытательное оборудование для определения коэффициента проникания тест-аэрозоля через средства индивидуальной защиты органов дыхания. Методика аттестации},
  organization = {М.: Стандартинформ},
  number       = {ГОСТ 8.622-2013},
  year         = {2013},
  url          = {http://docs.cntd.ru/document/1200108162},
  annotation   = {Действующий},
  date         = {2015-01-01},
  urldate      = {2019-12-06},
}

@Standard{DINEN50160-2011,
  title      = {DIN EN 50160-2011 Voltage characteristics of electricity supplied by public distribution networks},
  number     = {DIN EN 50160-2011},
  year       = {2011},
  url        = {http://www.gostinfo.ru/catalog/Details/?id=4579183},
  annotation = {Действующий},
  urldate    = {2019-12-06},
}

@Standard{ЕN50160:2010,
  title      = {EN 50160:2010 Voltage characteristics of electricity supplied by public electricity networks},
  number     = {EN 50160:2010},
  year       = {2010},
  url        = {https://infostore.saiglobal.com/preview/98699522296.pdf?sku=859794_saig_nsai_nsai_2045468},
  annotation = {EN 50160:2010 недействующий, DIN EN 50160-2011 действующий},
  file       = {98699522296.pdf:files/674/98699522296.pdf:application/pdf},
  urldate    = {2019-12-06},
}

@Online{IEEE_PES,
  title   = {{IEEE} {PES} {P}ower {Q}uality {S}ubcommittee},
  file    = {IEEE PES Power Quality Subcommittee:files/419/pq.html:text/html},
  url     = {https://site.ieee.org/pes-pq/},
  urldate = {2019-12-07},
}

@Online{CIRED,
  title   = {International conference on electricity distribution},
  url     = {https://site.ieee.org/pes-pq/},
  urldate = {2019-12-07},
}

@Online{CIRED_CONFERENCE,
  title   = {The 25th international conference and exhibition on electricity distribution},
  url     = {http://www.cired2019.org/page/about-cired},
  urldate = {2019-12-07},
}

@Standard{IEEE_1159.3-2019,
  title      = {1159.3-2019 - {IEEE} {R}ecommended {P}ractice for {P}ower {Q}uality {D}ata {I}nterchange {F}ormat ({PQDIF})},
  year       = {2019},
  url        = {https://standards.ieee.org/standard/1159_3-2019.html},
  annotation = {Действующий},
  date       = {2019-05-01},
  urldate    = {2019-12-12},
}

@Standard{IEEE_1159-2009,
  title      = {{IEEE} 1159-2009 - {IEEE} {R}ecommended {P}ractice for {M}onitoring {E}lectric {P}ower {Q}uality},
  year       = {2009},
  url        = {https://standards.ieee.org/standard/1159-2009.html},
  annotation = {недействующий, заменен на 1159-2019},
  urldate    = {2019-12-07},
}

@Standard{IEEE_1159-2019,
  title      = {1159-2019 - {IEEE} {R}ecommended {P}ractice for {M}onitoring {E}lectric {P}ower {Q}uality},
  year       = {2019},
  url        = {https://standards.ieee.org/standard/1159-2019.html},
  annotation = {Действующий},
  urldate    = {2019-12-11},
}

@Standard{IEEE_1409-2012,
  title      = {{IEEE} 1409-2012 - {IEEE} {G}uide for {A}pplication of {P}ower {E}lectronics for {P}ower {Q}uality {I}mprovement on {D}istribution {S}ystems {R}ated 1 k{V} {T}hrough 38 k{V}},
  year       = {2012},
  url        = {https://standards.ieee.org/standard/1409-2012.html},
  annotation = {Действующий},
  date       = {2012-03-29},
  urldate    = {2019-12-12},
}

@Standard{IEEE_1453-2015,
  title      = {{IEEE} 1453-2015 - {IEEE} {R}ecommended {P}ractice for the {A}nalysis of {F}luctuating {I}nstallations on {P}ower {S}ystems},
  year       = {2015},
  url        = {https://standards.ieee.org/standard/1453-2015.html},
  annotation = {Действующий},
  date       = {2015-10-30},
  urldate    = {2019-12-12},
}

@Standard{IEEE_1250-2018,
  title      = {{IEEE} 1250-2018 - {IEEE} {G}uide for {I}dentifying and {I}mproving {V}oltage {Q}uality in {P}ower systems},
  year       = {2018},
  url        = {https://standards.ieee.org/standard/1250-2018.html},
  annotation = {Действующий},
  urldate    = {2019-12-12},
}

@Standard{IEEE_1564-2014,
  title      = {{IEEE} 1564-2014 - {IEEE} {G}uide for {V}oltage {S}ag {I}ndices},
  year       = {2014},
  url        = {https://standards.ieee.org/standard/1564-2014.html},
  annotation = {Действующий},
  date       = {2014-03-27},
  urldate    = {2019-12-12},
}

@Standard{IEEE_519-2014,
  title      = {{IEEE} 519-2014 - {IEEE} {R}ecommended {P}ractice and {R}equirements for {H}armonic {C}ontrol in {E}lectric {P}ower {S}ystems},
  year       = {2014},
  url        = {https://standards.ieee.org/content/ieee-standards/en/standard/519-2014.html},
  annotation = {Действующий},
  date       = {2014-03-27},
  urldate    = {2019-12-12},
}

@Standard{IEC61000-4-30:2015,
  title      = {{IEC} 61000-4-30:2015},
  year       = {2015},
  url        = {https://webstore.iec.ch/publication/21844#additionalinfo},
  annotation = {Действующий},
  urldate    = {2019-12-14},
}

@Standard{IEC_TR_61000-1-1:1992,
  title      = {{IEC} {TR} 61000-1-1:1992},
  year       = {1992},
  url        = {https://webstore.iec.ch/publication/4120},
  annotation = {Действующий},
  urldate    = {2019-12-14},
}

@Standard{IEC61000-1-2:2016,
  title      = {{IEC} 61000-1-2:2016},
  year       = {2016},
  url        = {https://webstore.iec.ch/publication/24517},
  annotation = {Действующий},
  urldate    = {2019-12-16},
}

@Standard{IECTR61000-1-3:2002,
  title      = {{IEC} {TR} 61000-1-3:2002},
  year       = {2002},
  url        = {https://webstore.iec.ch/publication/4122},
  annotation = {Действующий},
  urldate    = {2019-12-16},
}

@Online{ANSI,
  title   = {American National Standards Institute ({ANSI})},
  url     = {https://www.ansi.org/standards_activities/iec_programs/overview},
  urldate = {2019-12-16},
}

@Article{Киселёв,
  author  = {Киселёв Богдан Юрьевич},
  title   = {Сравнительный анализ стандартов качества электрической энергии {ГОСТ} 13109–97 и {ГОСТ} 32144–2013},
  journal = {Молодой ученый №20},
  year    = {2016},
  url     = {https://moluch.ru/archive/124/34114/},
  urldate = {2019-12-18},
}

@Book{левин1975качество,
  title     = {Качество электроэнергии в сетях сельских районов},
  publisher = {Энергия},
  year      = {1975},
  author    = {Левин, Моисей Соломонович and Мурадян, Артик Егорович and Сырых, Николай Николаевич},
}

@Online{prist,
  title   = {{АО} <<{П}ри{СТ}>>},
  url     = {https://prist.ru/},
  urldate = {2019-12-22},
}

@Online{parma,
  title   = {{К}омпания <<{ПАРМА}>>},
  url     = {https://parma.spb.ru/company/about-company/},
  urldate = {2019-12-22},
}

@Online{parma1,
  title   = {{М}ногофункциональные измерительные преобразователи компании <<{ПАРМА}>>},
  url     = {https://parma.spb.ru/oborudovanie/mnogofunktsionalnye-izmeritelnye-preobrazovateli/},
  urldate = {2020-01-09},
}

@Online{parma2,
  title   = {{Р}егистратор качества электрической энергии компании <<{ПАРМА}>>},
  url     = {https://parma.spb.ru/oborudovanie/registratory-kachestva-elektroenergii/},
  urldate = {2020-01-09},
}

@Online{Марс-Энерго,
  title    = {{Э}лектроизмерительные приборы от производителя {НПП} {М}арс-{Э}нерго},
  note     = {{ISO} 9001:2015},
  abstract = {Проектирование, производство, обслуживании высокоточных электроизмерительных приборов и поверочных установок для электроэнергетики},
  date     = {1999},
  file     = {Snapshot:files/526/www.mars-energo.ru.html:text/html},
  url      = {http://www.mars-energo.ru},
  urldate  = {2020-01-09},
}

@Online{энерготестер,
  title   = {{Э}нерготестер {ПКЭ-А}},
  url     = {http://www.mars-energo.ru/home/pribory-kontrolya-kachestva-i-ucheta-elektroenergii/energotester-pke-a.html},
  urldate = {2020-01-09},
}

@Online{noauthor__2009-2,
  title   = {{ООО} {Н}аучно-производственное предприятие <<{Э}нерготехника>>},
  date    = {2009},
  file    = {Главная:files/528/www.entp.ru.html:text/html},
  url     = {http://www.entp.ru/},
  urldate = {2020-01-09},
}

@Online{энергосоюз,
  title   = {{НПФ} <<{ЭНЕРГОСОЮЗ}>>},
  file    = {НПФ "ЭНЕРГОСОЮЗ":files/530/www.energosoyuz.spb.ru.html:text/html},
  url     = {https://www.energosoyuz.spb.ru/},
  urldate = {2020-01-09},
}

@Online{нева-па,
  title   = {{У}стройство противоаварийной автоматики <<НЕВА-ПА>>},
  url     = {https://www.energosoyuz.spb.ru/ru/content/ustroystvo-protivoavariynoy-avtomatiki-neva-pa},
  urldate = {2020-01-09},
}

@Online{прорыв,
  title   = {{П}редприятие НПФ <<Прорыв>>},
  url     = {https://proryvnpp.ru/},
  urldate = {2020-01-09},
}

@Online{энергитическая_стратегия,
  title      = {{Р}аспоряжение {П}равительства {РФ} от 13.11.2009 №1715-р <<{О}б {Э}нергетической стратегии {Р}оссии на период до 2030 года>>},
  annotation = {Действующий},
  date       = {2009-11-13},
  file       = {Распоряжение Правительства РФ от 13_11_2009 N 1715-р  Об Эне.rtf:files/370/Распоряжение Правительства РФ от 13_11_2009 N 1715-р  Об Эне.rtf:application/msword},
  url        = {http://www.consultant.ru/document/cons_doc_LAW_94054/},
  urldate    = {2020-01-10},
}

@Online{энергетическая_стратеги2,
  title   = {Энергетическая стратегия {Р}оссии на период до 2030 года},
  url     = {https://minenergo.gov.ru/node/1026},
  urldate = {2020-01-10},
}

@Article{lee2013novel,
  author    = {Lee, Kyoung-Jun and Lee, Jong-Pil and Shin, Dongsul and Yoo, Dong-Wook and Kim, Hee-Je},
  title     = {A novel grid synchronization {PLL} method based on adaptive low-pass notch filter for grid-connected {PCS}},
  journal   = {IEEE transactions on industrial electronics},
  year      = {2013},
  volume    = {61},
  number    = {1},
  pages     = {292--301},
  publisher = {IEEE},
  url       = {Lee K-J, Lee J-P, Shin D, Yoo D-W, Kim H-J. A novel grid synchronization PLL method based on adaptive low-pass notch filter for grid-connected PCS. IEEE Trans Ind Electron 2014;61(1):292–301.},
}

@Article{lee2011active,
  author    = {Lee, Jong-Pil and Min, Byung-Duk and Kim, Tae-Jin and Yoo, Dong-Wook and Yoo, Ji-Yoon},
  title     = {Active frequency with a positive feedback anti-islanding method based on a robust PLL algorithm for grid-connected PV PCS},
  journal   = {Journal of Power Electronics},
  year      = {2011},
  volume    = {11},
  number    = {3},
  pages     = {360--368},
  doi       = {10.6113/JPE.2011.11.3.360},
  publisher = {The Korean Institute of Power Electronics},
  url       = {http://ocean.kisti.re.kr/downfile/volume/kipe/E1PWAX/2011/v11n3/E1PWAX_2011_v11n3_360.pdf},
}

@Article{chen2013comparative,
  author    = {Chen, Cheng-I and Chen, Yeong-Chin},
  title     = {Comparative study of harmonic and interharmonic estimation methods for stationary and time-varying signals},
  journal   = {IEEE Transactions on Industrial Electronics},
  year      = {2013},
  volume    = {61},
  number    = {1},
  pages     = {397--404},
  doi       = {10.1109/TIE.2013.2242419},
  publisher = {IEEE},
  url       = {https://ieeexplore.ieee.org/abstract/document/6419811},
}

@Article{borkowski2014interpolated,
  author    = {Borkowski, J{\'o}zef and Kania, Dariusz and Mroczka, Janusz},
  title     = {Interpolated-DFT-based fast and accurate frequency estimation for the control of power},
  journal   = {IEEE Transactions on industrial Electronics},
  year      = {2014},
  volume    = {61},
  number    = {12},
  pages     = {7026--7034},
  doi       = {10.1109/TIE.2014.2316225},
  publisher = {IEEE},
  url       = {https://www.researchgate.net/profile/D_Kania/publication/265645636_Interpolated-DFT-Based_Fast_and_Accurate_Frequency_Estimation_for_the_Control_of_Power/links/57e90afe08aef8bfcc95eca8.pdf},
}

@Article{kamwa2004performance,
  author    = {Kamwa, Innocent and Leclerc, Michel and McNabb, Danielle},
  title     = {Performance of demodulation-based frequency measurement algorithms used in typical PMUs},
  journal   = {IEEE transactions on power delivery},
  year      = {2004},
  volume    = {19},
  number    = {2},
  pages     = {505--514},
  doi       = {10.1109/TPWRD.2004.823185},
  publisher = {IEEE},
  url       = {https://s3.amazonaws.com/academia.edu.documents/43392620/Performance_of_Demodulation-Based_Freque20160305-5408-ecjgy7.pdf?response-content-disposition=inline%3B%20filename%3DPerformance_of_Demodulation-Based_Freque.pdf&X-Amz-Algorithm=AWS4-HMAC-SHA256&X-Amz-Credential=AKIAIWOWYYGZ2Y53UL3A%2F20200218%2Fus-east-1%2Fs3%2Faws4_request&X-Amz-Date=20200218T050753Z&X-Amz-Expires=3600&X-Amz-SignedHeaders=host&X-Amz-Signature=113b4c8f2a04e3d095a4dc24d0a8378a2b60a83ce9f6fb64f0a5ac3b18724d23},
}

@Article{jiang2014frequency,
  author    = {Jiang, Wang and Lu, Jiping},
  title     = {Frequency estimation in wind farm integrated systems using artificial neural network},
  journal   = {International Journal of Electrical Power \& Energy Systems},
  year      = {2014},
  volume    = {62},
  pages     = {72--79},
  doi       = {10.1016/j.ijepes.2014.04.027},
  publisher = {Elsevier},
  url       = {https://www.sciencedirect.com/science/article/abs/pii/S014206151400221X},
}

@Article{fedele2014frequency,
  author    = {Fedele, Giuseppe and Ferrise, Andrea},
  title     = {A frequency-locked-loop filter for biased multi-sinusoidal estimation},
  journal   = {IEEE Transactions on Signal Processing},
  year      = {2014},
  volume    = {62},
  number    = {5},
  pages     = {1125--1134},
  doi       = {10.1109/TSP.2014.2300057},
  publisher = {IEEE},
  url       = {https://ieeexplore.ieee.org/abstract/document/6712157},
}

@Article{xia2014widely,
  author    = {Xia, Yili and Mandic, Danilo P},
  title     = {A widely linear least mean phase algorithm for adaptive frequency estimation of unbalanced power systems},
  journal   = {International Journal of Electrical Power \& Energy Systems},
  year      = {2014},
  volume    = {54},
  pages     = {367--375},
  doi       = {10.1016/j.ijepes.2013.07.030},
  publisher = {Elsevier},
  url       = {https://www.sciencedirect.com/science/article/abs/pii/S014206151300327X},
}

@Article{kuvsljevic2013ls,
  author    = {Ku{\v{s}}ljevi{\'c}, Miodrag D},
  title     = {On LS-based power frequency estimation algorithms},
  journal   = {IEEE Transactions on Instrumentation and Measurement},
  year      = {2013},
  volume    = {62},
  number    = {7},
  pages     = {2020--2028},
  publisher = {IEEE} # url,
}

@Article{pradhan2005power,
  author    = {Pradhan, AK and Routray, A and Basak, Abir},
  title     = {Power system frequency estimation using least mean square technique},
  journal   = {IEEE transactions on power delivery},
  year      = {2005},
  volume    = {20},
  number    = {3},
  pages     = {1812--1816},
  publisher = {IEEE} # url,
}

@Article{xia2014complex,
  author    = {Xia, Yili and Blazic, Zoran and Mandic, Danilo P},
  title     = {Complex-valued least squares frequency estimation for unbalanced power systems},
  journal   = {IEEE Transactions on Instrumentation and Measurement},
  year      = {2014},
  volume    = {64},
  number    = {3},
  pages     = {638--648},
  publisher = {IEEE} # url,
}

@Article{ramos2015frequency,
  author    = {Ramos, Carlos Jo{\~a}o and Martins, Ant{\'o}nio P and Carvalho, Adriano S},
  title     = {Frequency and phase-angle estimation using ordinary least squares},
  journal   = {IEEE Transactions on Industrial Electronics},
  year      = {2015},
  volume    = {62},
  number    = {9},
  pages     = {5677--5688},
  publisher = {IEEE} # url,
}

@Article{ray2015improved,
  author    = {Ray, Pravat Kumar and Puhan, Pratap Sekhar and Panda, Gayadhar},
  title     = {Improved Recursive Newton Type Algorithm based power system frequency estimation},
  journal   = {International Journal of Electrical Power \& Energy Systems},
  year      = {2015},
  volume    = {65},
  pages     = {231--237},
  publisher = {Elsevier},
  url       = {https://www.sciencedirect.com/science/article/abs/pii/S0142061514006206},
}

@Article{routray2002novel,
  author    = {Routray, Aurobinda and Pradhan, Ashok Kumar and Rao, K Prahallad},
  title     = {A novel Kalman filter for frequency estimation of distorted signals in power systems},
  journal   = {IEEE Transactions on Instrumentation and Measurement},
  year      = {2002},
  volume    = {51},
  number    = {3},
  pages     = {469--479},
  doi       = {10.1109/TIM.2002.1017717},
  publisher = {IEEE},
  url       = {https://ieeexplore.ieee.org/abstract/document/1017717},
}

@Article{rubeena2014accurate,
  author    = {Rubeena, Rubeena and Zadeh, Mohammad R Dadash and Bains, Tirath Pal S},
  title     = {An accurate offline phasor estimation for fault location in series-compensated lines},
  journal   = {IEEE transactions on power delivery},
  year      = {2014},
  volume    = {29},
  number    = {2},
  pages     = {876--883},
  doi       = {10.1109/TPWRD.2013.2283454},
  publisher = {IEEE},
  url       = {https://ieeexplore.ieee.org/abstract/document/6704849},
}

@Article{karimi2010application,
  author    = {Karimi-Ghartemani, Masoud and Ooi, Boon-Teck and Bakhshai, Alireza},
  title     = {Application of enhanced phase-locked loop system to the computation of synchrophasors},
  journal   = {IEEE Transactions on Power Delivery},
  year      = {2010},
  volume    = {26},
  number    = {1},
  pages     = {22--32},
  doi       = {10.1109/TPWRD.2010.2064341},
  publisher = {IEEE},
  url       = {https://ieeexplore.ieee.org/abstract/document/5575433},
}

@Article{golestan2013performance,
  author    = {Golestan, Saeed and Monfared, Mohammad and Freijedo, Francisco D and Guerrero, Josep M},
  title     = {Performance improvement of a prefiltered synchronous-reference-frame PLL by using a PID-type loop filter},
  journal   = {IEEE Transactions on Industrial Electronics},
  year      = {2013},
  volume    = {61},
  number    = {7},
  pages     = {3469--3479},
  doi       = {10.1109/TIE.2013.2282607},
  publisher = {IEEE},
  url       = {https://ieeexplore.ieee.org/abstract/document/6603275},
}

@InProceedings{ramos2005synchronizing,
  author    = {Ramos, Carlos and Martins, A and Carvalho, Adriano},
  title     = {Synchronizing renewable energy sources in distributed generation systems},
  booktitle = {Proc. Int. Conf. Renew. Energy Power Qual.(ICREPQ), Zaragoza, Spain},
  year      = {2005},
  pages     = {1--5},
  url       = {https://s3.amazonaws.com/academia.edu.documents/50836075/Synchronizing_Renewable_Energy_Sources_i20161211-14554-1antncf.pdf?response-content-disposition=inline%3B%20filename%3DSynchronizing_Renewable_Energy_Sources_i.pdf&X-Amz-Algorithm=AWS4-HMAC-SHA256&X-Amz-Credential=AKIAIWOWYYGZ2Y53UL3A%2F20200218%2Fus-east-1%2Fs3%2Faws4_request&X-Amz-Date=20200218T071022Z&X-Amz-Expires=3600&X-Amz-SignedHeaders=host&X-Amz-Signature=38f244e8a5b914bbb46aeec93d02734c0ed5147a0c5ca4fd67863216d20501f1},
}

@Article{tretter1985estimating,
  author    = {Tretter, Steve},
  title     = {Estimating the frequency of a noisy sinusoid by linear regression (Corresp.)},
  journal   = {IEEE Transactions on Information theory},
  year      = {1985},
  volume    = {31},
  number    = {6},
  pages     = {832--835},
  doi       = {10.1109/TIT.1985.1057115},
  publisher = {IEEE},
  url       = {https://ieeexplore.ieee.org/abstract/document/1057115},
}

@Article{kay1989fast,
  author    = {Kay, Steven},
  title     = {A fast and accurate single frequency estimator},
  journal   = {IEEE Transactions on Acoustics, Speech, and Signal Processing},
  year      = {1989},
  volume    = {37},
  number    = {12},
  pages     = {1987--1990},
  publisher = {IEEE},
  url       = {10.1109/29.45547},
}

@Article{mckilliam2010frequency,
  author    = {McKilliam, Robby G and Quinn, Barry G and Clarkson, I Vaughan L and Moran, Bill},
  title     = {Frequency estimation by phase unwrapping},
  journal   = {IEEE transactions on signal processing},
  year      = {2010},
  volume    = {58},
  number    = {6},
  pages     = {2953--2963},
  doi       = {10.1109/TSP.2010.2045786},
  publisher = {IEEE},
  url       = {https://ieeexplore.ieee.org/abstract/document/5431026},
}

@Article{schafer2011savitzky,
  author    = {Schafer, Ronald W},
  title     = {What is a Savitzky-Golay filter?[lecture notes]},
  journal   = {IEEE Signal processing magazine},
  year      = {2011},
  volume    = {28},
  number    = {4},
  pages     = {111--117},
  doi       = {10.1109/MSP.2011.941097},
  publisher = {IEEE},
  url       = {https://ieeexplore.ieee.org/abstract/document/5888646},
}

@Article{de1999voltage,
  author  = {De Tandt, B},
  title   = {Voltage characteristics of electricity supplied by public distribution systems},
  journal = {European Committee for Electrotechnical Standardization (CENELEC)},
  year    = {1999},
}

@Comment{jabref-meta: databaseType:bibtex;}
