% Encoding: UTF-8

@Article{belega2009multifrequency,
  author    = {Belega, Daniel and Dallet, Dominique},
  journal   = {Measurement},
  title     = {Multifrequency signal analysis by interpolated DFT method with maximum sidelobe decay windows},
  year      = {2009},
  number    = {3},
  pages     = {420--426},
  volume    = {42},
  publisher = {Elsevier},
}

@CONFERENCE{confbib2,
  author = {Фамилия, И. О.},
  title = {название тезисов конференции},
  booktitle = {Название сборника},
  year = {2015},
  language = {russian},
  authorconf = {true},
}

@Article{qian2007interharmonics,
  author    = {Qian, Hao and Zhao, Rongxiang and Chen, Tong},
  journal   = {IEEE Transactions on Power Delivery},
  title     = {Interharmonics analysis based on interpolating windowed FFT algorithm},
  year      = {2007},
  number    = {2},
  pages     = {1064--1069},
  volume    = {22},
  publisher = {IEEE},
}

@Article{rife1974single,
  author    = {Rife, DCBP and Boorstyn, Robert},
  journal   = {IEEE Transactions on information theory},
  title     = {Single tone parameter estimation from discrete-time observations},
  year      = {1974},
  number    = {5},
  pages     = {591--598},
  volume    = {20},
  publisher = {IEEE},
}

@Standard{GOST30804.4.30-2013,
  organization = {М.: Стандартинформ},
  title        = {ГОСТ 30804.4.30-2013 (IEC 61000-4-30:2008) Электрическая энергия. Совместимость технических средств электромагнитная. Методы измерений показателей качества электрической энергии (с Поправкой)},
  number       = {ГОСТ 30804.4.30-2013},
  url          = {http://docs.cntd.ru/document/1200104665},
  year         = {2014},
  annotation   = {ГОСТ Р 51317.4.30-2008 недействующий, ГОСТ 30804.4.30-2013 действующий},
  date         = {2014-01-01},
  file         = {2014 - ГОСТ 30804.4.30-2013 Электрическая энергия. Совме.pdf:files/130/2014 - ГОСТ 30804.4.30-2013 Электрическая энергия. Совме.pdf:application/pdf;2014 - ГОСТ 30804.4.30-2013 Электрическая энергия. Совме.pdf:files/157/2014 - ГОСТ 30804.4.30-2013 Электрическая энергия. Совме.pdf:application/pdf},
  urldate      = {2019-11-16},
}

@Standard{GOST33073-2014,
  organization = {М.: Стандартинформ},
  title        = {{ГОСТ} 33073-2014 Электрическая энергия. Совместимость технических средств электромагнитная. Контроль и мониторинг качества электрической энергии в системах электроснабжения общего назначения (с Поправкой)},
  number       = {ГОСТ 33073-2014},
  url          = {http://docs.cntd.ru/document/1200115349},
  annotation   = {Статус: действует},
  date         = {2015-01-01},
  file         = {2015 - ГОСТ 33073-2014 Электрическая энергия. Совместимо.pdf:files/374/2015 - ГОСТ 33073-2014 Электрическая энергия. Совместимо.pdf:application/pdf},
  urldate      = {2019-12-03},
}

@Standard{GOST30804.4.7-2013,
  organization = {М.: Стандартинформ},
  title        = {ГОСТ 30804.4.7-2013 (IEC 61000-4-7:2009) Совместимость технических средств электромагнитная. Общее руководство по средствам измерений и измерениям гармоник и интергармоник для систем электроснабжения и подключаемых к ним технических средств (с Поправкой)},
  number       = {ГОСТ 30804.4.7-2013},
  url          = {http://docs.cntd.ru/document/1200103652/},
  annotation   = {ГОСТ Р 51317.4.7-2008 недействующий, ГОСТ 30804.4.7-2013 действующий},
  date         = {2014-01-01},
  file         = {2014 - ГОСТ 30804.4.7-2013 Совместимость технических сре.pdf:files/146/2014 - ГОСТ 30804.4.7-2013 Совместимость технических сре.pdf:application/pdf;2014 - ГОСТ 30804.4.7-2013 Совместимость технических сре.pdf:files/148/2014 - ГОСТ 30804.4.7-2013 Совместимость технических сре.pdf:application/pdf},
  urldate      = {2019-12-03},
}

@Standard{GOST32144-2013,
  organization = {М.: Стандартинформ},
  title        = {ГОСТ 32144-2013 Электрическая энергия. Совместимость технических средств электромагнитная. Нормы качества электрической энергии в системах электроснабжения общего назначения},
  number       = {ГОСТ 32144-2013},
  url          = {http://docs.cntd.ru/document/1200104301},
  annotation   = {ГОСТ Р 54149-2010 недействующий, ГОСТ 32144-2013 действующий},
  date         = {2014-07-01},
  file         = {2014 - ГОСТ 32144-2013 Электрическая энергия. Совместимо.pdf:files/81/2014 - ГОСТ 32144-2013 Электрическая энергия. Совместимо.pdf:application/pdf;2014 - ГОСТ 32144-2013 Электрическая энергия. Совместимо.pdf:files/158/2014 - ГОСТ 32144-2013 Электрическая энергия. Совместимо.pdf:application/pdf},
  urldate      = {2019-12-03},
}

@Standard{GOSTR54149-2010,
  organization = {М.: Стандартинформ},
  title        = {ГОСТ Р 54149-2010 Электрическая энергия. Совместимость технических средств электромагнитная. Нормы качества электрической энергии в системах электроснабжения общего назначения},
  number       = {ГОСТ Р 54149-2010},
  url          = {http://docs.cntd.ru/document/1200084639},
  annotation   = {ГОСТ Р 54149-2010 недействующий, ГОСТ 32144-2013 действующий},
  date         = {2013-01-01},
  file         = {2013 - ГОСТ Р 54149-2010 Электрическая энергия. Совмести.pdf:files/140/2013 - ГОСТ Р 54149-2010 Электрическая энергия. Совмести.pdf:application/pdf;2013 - ГОСТ Р 54149-2010.pdf:files/78/2013 - ГОСТ Р 54149-2010.pdf:application/pdf},
  urldate      = {2019-12-03},
}

@Standard{GOSTR51317.4.30-2008,
  organization = {М.: Стандартинформ},
  title        = {ГОСТ Р 51317.4.30-2008 (МЭК 61000-4-30:2008) Электрическая энергия. Совместимость технических средств электромагнитная. Методы измерений показателей качества электрической энергии},
  number       = {ГОСТ Р 51317.4.30-2008},
  url          = {http://docs.cntd.ru/document/1200072576},
  annotation   = {ГОСТ Р 51317.4.30-2008 недействующий, ГОСТ 30804.4.30-2013 действующий},
  date         = {2010-01-01},
  file         = {2010 - ГОСТ Р 51317.4.30-2008 Электрическая энергия. Сов.pdf:files/126/2010 - ГОСТ Р 51317.4.30-2008 Электрическая энергия. Сов.pdf:application/pdf;2010 - ГОСТ Р 51317.4.30-2008 Электрическая энергия. Сов.pdf:files/155/2010 - ГОСТ Р 51317.4.30-2008 Электрическая энергия. Сов.pdf:application/pdf},
  urldate      = {2019-12-03},
}

@Standard{GOSTR51317.4.7-2008,
  organization = {М: Стандартинформ},
  title        = {ГОСТ Р 51317.4.7-2008 Совместимость технических средств электромагнитная. Общее руководство по средствам измерений и измерениям гармоник и интергармоник для систем электроснабжения и подключаемых к ним технических средств},
  number       = {ГОСТ Р 51317.4.7-2008},
  url          = {http://docs.cntd.ru/document/1200072575},
  annotation   = {ГОСТ Р 51317.4.7-2008 недействующий, ГОСТ 30804.4.7-2013 действующий},
  date         = {2010-01-01},
  file         = {2010 - ГОСТ Р 51317.4.7-2008 Совместимость технических с.pdf:files/133/2010 - ГОСТ Р 51317.4.7-2008 Совместимость технических с.pdf:application/pdf;2010 - ГОСТ Р 51317.4.7-2008 Совместимость технических с.pdf:files/154/2010 - ГОСТ Р 51317.4.7-2008 Совместимость технических с.pdf:application/pdf},
  urldate      = {2019-12-03},
}

@Standard{GOST_R8.655-2009,
  organization = {М.: Стандартинформ},
  title        = {ГОСТ Р 8.655-2009 Государственная система обеспечения единства измерений (ГСИ). Средства измерений показателей качества электрической энергии. Общие технические требования (с Изменением N 1)},
  number       = {ГОСТ Р 8.655-2009},
  url          = {http://docs.cntd.ru/document/1200075494},
  annotation   = {Действующий},
  date         = {2010-07-01},
  file         = {2010 - ГОСТ Р 8.655-2009 Государственная система обеспече.pdf:files/449/2010 - ГОСТ Р 8.655-2009 Государственная система обеспече.pdf:application/pdf},
  urldate      = {2019-03-12},
}

@Standard{GOST13109-97,
  organization = {М.: Стандартинформ},
  title        = {ГОСТ 13109-97 Электрическая энергия. Совместимость технических средств электромагнитная. Нормы качества электрической энергии в системах электроснабжения общего назначения},
  number       = {ГОСТ 13109-97},
  url          = {http://docs.cntd.ru/document/1200006034},
  annotation   = {Недействующий},
  date         = {1999-01-01},
  file         = {1999 - ГОСТ 13109-97 Электрическая энергия. Совместимост.pdf:files/75/1999 - ГОСТ 13109-97 Электрическая энергия. Совместимост.pdf:application/pdf;1999 - ГОСТ 13109-97 Электрическая энергия. Совместимост.pdf:files/136/1999 - ГОСТ 13109-97 Электрическая энергия. Совместимост.pdf:application/pdf},
  urldate      = {2019-12-03},
}

@Standard{GOST30372-95,
  organization = {М.: Стандартинформ},
  title        = {ГОСТ 30372-95 Совместимость технических средств электромагнитная. Термины и определения (аутентичен ГОСТ Р 50397-92)},
  number       = {ГОСТ 30372-95},
  url          = {http://docs.cntd.ru/document/1200015869},
  annotation   = {Недействующий},
  date         = {1997-01-01},
  file         = {2012 - ГОСТ 30372-95 Совместимость технических средств э.pdf:files/103/2012 - ГОСТ 30372-95 Совместимость технических средств э.pdf:application/pdf;2012 - ГОСТ 30372-95 Совместимость технических средств э.pdf:files/156/2012 - ГОСТ 30372-95 Совместимость технических средств э.pdf:application/pdf},
  urldate      = {2019-12-03},
}

@Standard{GOST22261-94,
  organization = {М.: Стандартинформ},
  title        = {ГОСТ 22261-94 Средства измерений электрических и магнитных величин. Общие технические условия (с Изменением N 1)},
  number       = {ГОСТ 22261-94},
  url          = {http://docs.cntd.ru/document/1200023321},
  annotation   = {Действующий},
  date         = {1996-01-01},
  file         = {1996 - ГОСТ 22261-94 Средства измерений электрических и .pdf:files/94/1996 - ГОСТ 22261-94 Средства измерений электрических и .pdf:application/pdf;1996 - ГОСТ 22261-94 Средства измерений электрических и .pdf:files/152/1996 - ГОСТ 22261-94 Средства измерений электрических и .pdf:application/pdf},
  urldate      = {2019-12-03},
}

@Standard{GOST13109-87,
  organization = {М.: Издательство стандартов},
  title        = {ГОСТ 13109-87 Электрическая энергия. Требования к качеству электрической энергии в электрических сетях общего назначения},
  number       = {ГОСТ 13109-87},
  url          = {http://files.stroyinf.ru/Index2/1/4294838/4294838041.htm, http://docs.cntd.ru/document/495793283},
  annotation   = {Недействующий},
  date         = {1989-01-01},
  file         = {1999 - ГОСТ 13109-87 Электрическая энергия. Требования к.pdf:files/115/1999 - ГОСТ 13109-87 Электрическая энергия. Требования к.pdf:application/pdf},
  urldate      = {2019-12-03},
}

@Standard{GOST8.216-88,
  organization = {М.: Издательство стандартов},
  title        = {ГОСТ 8.216-88 (СТ СЭВ 5645-86) Государственная система обеспечения единства измерений (ГСИ). Трансформаторы напряжения. Методика поверки},
  number       = {ГОСТ 8.216-88},
  url          = {http://docs.cntd.ru/document/1200004559},
  annotation   = {Недействующий},
  date         = {1989-01-01},
  file         = {1989 - ГОСТ 8.216-88 Государственная система обеспечения.pdf:files/105/1989 - ГОСТ 8.216-88 Государственная система обеспечения.pdf:application/pdf;1989 - ГОСТ 8.216-88 Государственная система обеспечения.pdf:files/159/1989 - ГОСТ 8.216-88 Государственная система обеспечения.pdf:application/pdf},
  urldate      = {2019-12-03},
}

@Standard{GOST19431-84,
  organization = {М.: Издательство стандартов},
  title        = {ГОСТ 19431-84 Энергетика и электрификация. Термины и определения},
  number       = {ГОСТ 19431-84},
  url          = {http://docs.cntd.ru/document/1200005816},
  annotation   = {Действующий},
  date         = {1986-01-01},
  file         = {1986 - ГОСТ 19431-84 Энергетика и электрификация. Термин.pdf:files/123/1986 - ГОСТ 19431-84 Энергетика и электрификация. Термин.pdf:application/pdf;1986 - ГОСТ 19431-84 Энергетика и электрификация. Термин.pdf:files/151/1986 - ГОСТ 19431-84 Энергетика и электрификация. Термин.pdf:application/pdf},
  urldate      = {2019-12-03},
}

@Standard{GOST12.3.019-80,
  organization = {М.: ИПК Издательство стандартов},
  title        = {ГОСТ 12.3.019-80 Система стандартов безопасности труда (ССБТ). Испытания и измерения электрические. Общие требования безопасности (с Изменением N 1)},
  number       = {ГОСТ 12.3.019-80},
  url          = {http://docs.cntd.ru/document/1200009523},
  annotation   = {Действующий},
  date         = {1981-07-01},
  file         = {1981 - ГОСТ 12.3.019-80 Система стандартов безопасности .pdf:files/96/1981 - ГОСТ 12.3.019-80 Система стандартов безопасности .pdf:application/pdf;1981 - ГОСТ 12.3.019-80 Система стандартов безопасности .pdf:files/150/1981 - ГОСТ 12.3.019-80 Система стандартов безопасности .pdf:application/pdf},
  urldate      = {2019-12-03},
}

@Standard{GOST21027-75,
  organization = {М.: Стандартинформ},
  title        = {ГОСТ 21027-75 Системы энергетические. Термины и определения (с Изменениями N 1, 2)},
  number       = {ГОСТ 21027-75},
  url          = {http://docs.cntd.ru/document/1200011375},
  annotation   = {Недействующий},
  date         = {1976-07-01},
  file         = {1976 - ГОСТ 21027-75 Системы энергетические. Термины и о.pdf:files/119/1976 - ГОСТ 21027-75 Системы энергетические. Термины и о.pdf:application/pdf;1976 - ГОСТ 21027-75 Системы энергетические. Термины и о.pdf:files/137/1976 - ГОСТ 21027-75 Системы энергетические. Термины и о.pdf:application/pdf},
  urldate      = {2019-12-03},
}

@Standard{GOST16263-70,
  organization = {М.: Издательство стандартов},
  title        = {ГОСТ 16263-70 Государственная система обеспечения единства измерений (ГСИ). Метрология. Термины и определения},
  number       = {ГОСТ 16263-70},
  url          = {http://docs.cntd.ru/document/1200004807},
  annotation   = {Недействующий},
  date         = {1971-01-01},
  file         = {1971 - ГОСТ 16263-70 Государственная система обеспечения.pdf:files/100/1971 - ГОСТ 16263-70 Государственная система обеспечения.pdf:application/pdf;1971 - ГОСТ 16263-70 Государственная система обеспечения.pdf:files/153/1971 - ГОСТ 16263-70 Государственная система обеспечения.pdf:application/pdf},
  urldate      = {2019-12-03},
}

@Standard{GOST13109-67,
  title      = {ГОСТ 13109-67 Электрическая энергия. Нормы качества электрической энергии у ее приемников, присоединенных к электрическим сетям общего назначения (с Изменениями N 1-3)},
  number     = {ГОСТ 13109-67},
  url        = {http://docs.cntd.ru/document/495836441},
  annotation = {Недействующий},
  date       = {1968-01-01},
  file       = {1968 - ГОСТ 13109-67 Электрическая энергия. Нормы качест.pdf:files/114/1968 - ГОСТ 13109-67 Электрическая энергия. Нормы качест.pdf:application/pdf},
  urldate    = {2019-12-03},
}

@Standard{GOSTR51317.4.15-2012,
  organization = {М.: Стандартинформ},
  title        = {ГОСТ Р 51317.4.15-2012 (МЭК 61000-4-15:2010) Совместимость технических средств электромагнитная. Фликерметр. Функциональные и конструктивные требования},
  number       = {ГОСТ Р 51317.4.15-2012},
  url          = {http://docs.cntd.ru/document/1200096463},
  annotation   = {Действующий},
  date         = {2013},
  urldate      = {2021-03-15},
}

@Online{IEC,
  author  = {Copyright},
  title   = {International Electrotechnical Commission},
  year    = {2019},
  url     = {https://www.iec.ch/#learn},
  urldate = {2019-12-05},
}

@Article{Energy_Saving2009,
  author  = {Закон, Федеральный},
  journal = {№ 261-ФЗ от 23.11},
  title   = {Об энергосбережении и о повышении энергетической эффективности и о внесении изменений в отдельные законодательные акты Российской Федерации},
  year    = {2009},
  file    = {Федеральный закон от 23_11_2009 N 261-ФЗ (ред_ от 03_08_2018.rtf:files/355/Федеральный закон от 23_11_2009 N 261-ФЗ (ред_ от 03_08_2018.rtf:application/msword},
  url     = {http://www.consultant.ru/document/cons_doc_LAW_93978/},
  urldate = {2019-12-06},
}

@Standard{GOST8.622-2013,
  organization = {М.: Стандартинформ},
  title        = {ГОСТ 8.622-2013 Государственная система обеспечения единства измерений (ГСИ). Испытательное оборудование для определения коэффициента проникания тест-аэрозоля через средства индивидуальной защиты органов дыхания. Методика аттестации},
  number       = {ГОСТ 8.622-2013},
  url          = {http://docs.cntd.ru/document/1200108162},
  annotation   = {Действующий},
  date         = {2015},
  urldate      = {2019-12-06},
}

@Standard{DINEN50160-2011,
  title      = {DIN EN 50160-2011 Voltage characteristics of electricity supplied by public distribution networks},
  number     = {DIN EN 50160-2011},
  year       = {2011},
  url        = {http://www.gostinfo.ru/catalog/Details/?id=4579183},
  annotation = {Действующий},
  urldate    = {2019-12-06},
}

@Standard{ЕN50160:2010,
  title      = {EN 50160:2010 Voltage characteristics of electricity supplied by public electricity networks},
  number     = {EN 50160:2010},
  year       = {2010},
  url        = {https://infostore.saiglobal.com/preview/98699522296.pdf?sku=859794_saig_nsai_nsai_2045468},
  annotation = {EN 50160:2010 недействующий, DIN EN 50160-2011 действующий},
  file       = {98699522296.pdf:files/674/98699522296.pdf:application/pdf},
  urldate    = {2019-12-06},
}

@Online{IEEE_PES,
  title   = {{IEEE} {PES} {P}ower {Q}uality {S}ubcommittee},
  file    = {IEEE PES Power Quality Subcommittee:files/419/pq.html:text/html},
  url     = {https://site.ieee.org/pes-pq/},
  urldate = {2019-12-07},
}

@Online{CIRED,
  title   = {International conference on electricity distribution},
  url     = {http://www.cired.net/},
  urldate = {2019-12-07},
}

@Online{CIRED_CONFERENCE,
  title   = {The 25th international conference and exhibition on electricity distribution},
  url     = {http://www.cired2019.org/page/about-cired},
  urldate = {2019-12-07},
}

@Standard{IEEE_1159.3-2019,
  title      = {1159.3-2019 - {IEEE} {R}ecommended {P}ractice for {P}ower {Q}uality {D}ata {I}nterchange {F}ormat ({PQDIF})},
  year       = {2019},
  url        = {https://standards.ieee.org/standard/1159_3-2019.html},
  annotation = {Действующий},
  date       = {2019-05-01},
  urldate    = {2019-12-12},
}

@Standard{IEEE_1159-2009,
  title      = {{IEEE} 1159-2009 - {IEEE} {R}ecommended {P}ractice for {M}onitoring {E}lectric {P}ower {Q}uality},
  year       = {2009},
  url        = {https://standards.ieee.org/standard/1159-2009.html},
  annotation = {недействующий, заменен на 1159-2019},
  urldate    = {2019-12-07},
}

@Standard{IEEE_1159-2019,
  title      = {1159-2019 - {IEEE} {R}ecommended {P}ractice for {M}onitoring {E}lectric {P}ower {Q}uality},
  year       = {2019},
  url        = {https://standards.ieee.org/standard/1159-2019.html},
  annotation = {Действующий},
  urldate    = {2019-12-11},
}

@Standard{IEEE_1409-2012,
  title      = {{IEEE} 1409-2012 - {IEEE} {G}uide for {A}pplication of {P}ower {E}lectronics for {P}ower {Q}uality {I}mprovement on {D}istribution {S}ystems {R}ated 1 k{V} {T}hrough 38 k{V}},
  year       = {2012},
  url        = {https://standards.ieee.org/standard/1409-2012.html},
  annotation = {Действующий},
  date       = {2012-03-29},
  urldate    = {2019-12-12},
}

@Standard{IEEE_1453-2015,
  title      = {{IEEE} 1453-2015 - {IEEE} {R}ecommended {P}ractice for the {A}nalysis of {F}luctuating {I}nstallations on {P}ower {S}ystems},
  year       = {2015},
  url        = {https://standards.ieee.org/standard/1453-2015.html},
  annotation = {Действующий},
  date       = {2015-10-30},
  urldate    = {2019-12-12},
}

@Standard{IEEE_1250-2018,
  title      = {{IEEE} 1250-2018 - {IEEE} {G}uide for {I}dentifying and {I}mproving {V}oltage {Q}uality in {P}ower systems},
  year       = {2018},
  url        = {https://standards.ieee.org/standard/1250-2018.html},
  annotation = {Действующий},
  urldate    = {2019-12-12},
}

@Standard{IEEE_1564-2014,
  title      = {{IEEE} 1564-2014 - {IEEE} {G}uide for {V}oltage {S}ag {I}ndices},
  year       = {2014},
  url        = {https://standards.ieee.org/standard/1564-2014.html},
  annotation = {Действующий},
  date       = {2014-03-27},
  urldate    = {2019-12-12},
}

@Standard{IEEE_519-2014,
  title      = {{IEEE} 519-2014 - {IEEE} {R}ecommended {P}ractice and {R}equirements for {H}armonic {C}ontrol in {E}lectric {P}ower {S}ystems},
  year       = {2014},
  url        = {https://standards.ieee.org/content/ieee-standards/en/standard/519-2014.html},
  annotation = {Действующий},
  date       = {2014-03-27},
  urldate    = {2019-12-12},
}

@Standard{IEC61000-4-30:2015,
  title      = {{IEC} 61000-4-30:2015},
  year       = {2015},
  url        = {https://webstore.iec.ch/publication/21844#additionalinfo},
  annotation = {Действующий},
  urldate    = {2019-12-14},
}

@Standard{IEC_TR_61000-1-1:1992,
  title      = {{IEC} {TR} 61000-1-1:1992},
  year       = {1992},
  url        = {https://webstore.iec.ch/publication/4120},
  annotation = {Действующий},
  urldate    = {2019-12-14},
}

@Standard{IEC61000-1-2:2016,
  title      = {{IEC} 61000-1-2:2016},
  year       = {2016},
  url        = {https://webstore.iec.ch/publication/24517},
  annotation = {Действующий},
  urldate    = {2019-12-16},
}

@Standard{IECTR61000-1-3:2002,
  title      = {{IEC} {TR} 61000-1-3:2002},
  year       = {2002},
  url        = {https://webstore.iec.ch/publication/4122},
  annotation = {Действующий},
  urldate    = {2019-12-16},
}

@Online{ANSI,
  title   = {American National Standards Institute ({ANSI})},
  url     = {https://www.ansi.org/standards_activities/iec_programs/overview},
  urldate = {2019-12-16},
}

@Article{Comparative_analysis_Kiselev_2016,
  author  = {Киселёв Богдан Юрьевич},
  journal = {Молодой ученый №20},
  title   = {Сравнительный анализ стандартов качества электрической энергии {ГОСТ} 13109–97 и {ГОСТ} 32144–2013},
  year    = {2016},
  url     = {https://moluch.ru/archive/124/34114/},
  urldate = {2019-12-18},
}

@Book{Quality_electricity_1975,
  author    = {Левин, Моисей Соломонович and Мурадян, Артик Егорович and Сырых, Николай Николаевич},
  publisher = {Энергия},
  title     = {Качество электроэнергии в сетях сельских районов},
  year      = {1975},
}

@Online{prist,
  title   = {{АО} <<{П}ри{СТ}>>},
  url     = {https://prist.ru/},
  urldate = {2019-12-22},
}

@Online{parma,
  title   = {{К}омпания <<{ПАРМА}>>},
  url     = {https://parma.spb.ru/company/about-company/},
  urldate = {2019-12-22},
}

@Online{parma1,
  title   = {{М}ногофункциональные измерительные преобразователи компании <<{ПАРМА}>>},
  url     = {https://parma.spb.ru/oborudovanie/mnogofunktsionalnye-izmeritelnye-preobrazovateli/},
  urldate = {2020-01-09},
}

@Online{parma2,
  title   = {{Р}егистратор качества электрической энергии компании <<{ПАРМА}>>},
  url     = {https://parma.spb.ru/oborudovanie/registratory-kachestva-elektroenergii/},
  urldate = {2020-01-09},
}

@Online{Mars-Energo,
  abstract = {Проектирование, производство, обслуживании высокоточных электроизмерительных приборов и поверочных установок для электроэнергетики},
  date     = {1999},
  file     = {Snapshot:files/526/www.mars-energo.ru.html:text/html},
  note     = {{ISO} 9001:2015},
  title    = {{Э}лектроизмерительные приборы от производителя {НПП} {М}арс-{Э}нерго},
  url      = {http://www.mars-energo.ru},
  urldate  = {2020-01-09},
}

@Online{energy_tester,
  title   = {{Э}нерготестер {ПКЭ-А}},
  url     = {http://www.mars-energo.ru/home/pribory-kontrolya-kachestva-i-ucheta-elektroenergii/energotester-pke-a.html},
  urldate = {2020-01-09},
}

@Online{энерготехника,
  date    = {2009},
  file    = {Главная:files/528/www.entp.ru.html:text/html},
  title   = {{ООО} {Н}аучно-производственное предприятие <<{Э}нерготехника>>},
  url     = {http://www.entp.ru/},
  urldate = {2020-01-09},
}

@Online{energy_union,
  file    = {НПФ "ЭНЕРГОСОЮЗ":files/530/www.energosoyuz.spb.ru.html:text/html},
  title   = {{НПФ} <<{ЭНЕРГОСОЮЗ}>>},
  url     = {https://www.energosoyuz.spb.ru/},
  urldate = {2020-01-09},
}

@Online{neva-pa,
  title   = {{У}стройство противоаварийной автоматики <<НЕВА-ПА>>},
  url     = {https://www.energosoyuz.spb.ru/ru/content/ustroystvo-protivoavariynoy-avtomatiki-neva-pa},
  urldate = {2020-01-09},
}

@Online{breakthrough,
  title   = {{П}редприятие НПФ <<Прорыв>>},
  url     = {https://proryvnpp.ru/},
  urldate = {2020-01-09},
}

@Online{energy_strategy,
  annotation = {Действующий},
  date       = {2009-11-13},
  file       = {Распоряжение Правительства РФ от 13_11_2009 N 1715-р  Об Эне.rtf:files/370/Распоряжение Правительства РФ от 13_11_2009 N 1715-р  Об Эне.rtf:application/msword},
  title      = {{Р}аспоряжение {П}равительства {РФ} от 13.11.2009 №1715-р <<{О}б {Э}нергетической стратегии {Р}оссии на период до 2030 года>>},
  url        = {http://www.consultant.ru/document/cons_doc_LAW_94054/},
  urldate    = {2020-01-10},
}

@Article{lee2013novel,
  author    = {Lee, Kyoung-Jun and Lee, Jong-Pil and Shin, Dongsul and Yoo, Dong-Wook and Kim, Hee-Je},
  title     = {A novel grid synchronization {PLL} method based on adaptive low-pass notch filter for grid-connected {PCS}},
  journal   = {IEEE transactions on industrial electronics},
  year      = {2013},
  volume    = {61},
  number    = {1},
  pages     = {292--301},
  publisher = {IEEE},
  url       = {Lee K-J, Lee J-P, Shin D, Yoo D-W, Kim H-J. A novel grid synchronization PLL method based on adaptive low-pass notch filter for grid-connected PCS. IEEE Trans Ind Electron 2014;61(1):292–301.},
}

@Article{lee2011active,
  author    = {Lee, Jong-Pil and Min, Byung-Duk and Kim, Tae-Jin and Yoo, Dong-Wook and Yoo, Ji-Yoon},
  title     = {Active frequency with a positive feedback anti-islanding method based on a robust PLL algorithm for grid-connected PV PCS},
  journal   = {Journal of Power Electronics},
  year      = {2011},
  volume    = {11},
  number    = {3},
  pages     = {360--368},
  doi       = {10.6113/JPE.2011.11.3.360},
  publisher = {The Korean Institute of Power Electronics},
  url       = {http://ocean.kisti.re.kr/downfile/volume/kipe/E1PWAX/2011/v11n3/E1PWAX_2011_v11n3_360.pdf},
}

@Article{chen2013comparative,
  author    = {Chen, Cheng-I and Chen, Yeong-Chin},
  title     = {Comparative study of harmonic and interharmonic estimation methods for stationary and time-varying signals},
  journal   = {IEEE Transactions on Industrial Electronics},
  year      = {2013},
  volume    = {61},
  number    = {1},
  pages     = {397--404},
  doi       = {10.1109/TIE.2013.2242419},
  publisher = {IEEE},
  url       = {https://ieeexplore.ieee.org/abstract/document/6419811},
}

@Article{borkowski2014interpolated,
  author    = {Borkowski, J{\'o}zef and Kania, Dariusz and Mroczka, Janusz},
  title     = {Interpolated-DFT-based fast and accurate frequency estimation for the control of power},
  journal   = {IEEE Transactions on industrial Electronics},
  year      = {2014},
  volume    = {61},
  number    = {12},
  pages     = {7026--7034},
  doi       = {10.1109/TIE.2014.2316225},
  publisher = {IEEE},
  url       = {https://www.researchgate.net/profile/D_Kania/publication/265645636_Interpolated-DFT-Based_Fast_and_Accurate_Frequency_Estimation_for_the_Control_of_Power/links/57e90afe08aef8bfcc95eca8.pdf},
}

@Article{kamwa2004performance,
  author    = {Kamwa, Innocent and Leclerc, Michel and McNabb, Danielle},
  title     = {Performance of demodulation-based frequency measurement algorithms used in typical PMUs},
  journal   = {IEEE transactions on power delivery},
  year      = {2004},
  volume    = {19},
  number    = {2},
  pages     = {505--514},
  doi       = {10.1109/TPWRD.2004.823185},
  publisher = {IEEE},
  url       = {https://s3.amazonaws.com/academia.edu.documents/43392620/Performance_of_Demodulation-Based_Freque20160305-5408-ecjgy7.pdf?response-content-disposition=inline%3B%20filename%3DPerformance_of_Demodulation-Based_Freque.pdf&X-Amz-Algorithm=AWS4-HMAC-SHA256&X-Amz-Credential=AKIAIWOWYYGZ2Y53UL3A%2F20200218%2Fus-east-1%2Fs3%2Faws4_request&X-Amz-Date=20200218T050753Z&X-Amz-Expires=3600&X-Amz-SignedHeaders=host&X-Amz-Signature=113b4c8f2a04e3d095a4dc24d0a8378a2b60a83ce9f6fb64f0a5ac3b18724d23},
}

@Article{jiang2014frequency,
  author    = {Jiang, Wang and Lu, Jiping},
  title     = {Frequency estimation in wind farm integrated systems using artificial neural network},
  journal   = {International Journal of Electrical Power \& Energy Systems},
  year      = {2014},
  volume    = {62},
  pages     = {72--79},
  doi       = {10.1016/j.ijepes.2014.04.027},
  publisher = {Elsevier},
  url       = {https://www.sciencedirect.com/science/article/abs/pii/S014206151400221X},
}

@Article{fedele2014frequency,
  author    = {Fedele, Giuseppe and Ferrise, Andrea},
  title     = {A frequency-locked-loop filter for biased multi-sinusoidal estimation},
  journal   = {IEEE Transactions on Signal Processing},
  year      = {2014},
  volume    = {62},
  number    = {5},
  pages     = {1125--1134},
  doi       = {10.1109/TSP.2014.2300057},
  publisher = {IEEE},
  url       = {https://ieeexplore.ieee.org/abstract/document/6712157},
}

@Article{xia2014widely,
  author    = {Xia, Yili and Mandic, Danilo P},
  title     = {A widely linear least mean phase algorithm for adaptive frequency estimation of unbalanced power systems},
  journal   = {International Journal of Electrical Power \& Energy Systems},
  year      = {2014},
  volume    = {54},
  pages     = {367--375},
  doi       = {10.1016/j.ijepes.2013.07.030},
  publisher = {Elsevier},
  url       = {https://www.sciencedirect.com/science/article/abs/pii/S014206151300327X},
}

@Article{6484158,
  author  = {M. D. {Kušljević}},
  journal = {IEEE Transactions on Instrumentation and Measurement},
  title   = {On LS-Based Power Frequency Estimation Algorithms},
  year    = {2013},
  number  = {7},
  pages   = {2020-2028},
  volume  = {62},
  doi     = {10.1109/TIM.2013.2248254},
}

@Article{1458847,
  author  = {A. K. {Pradhan} and A. {Routray} and A. {Basak}},
  journal = {IEEE Transactions on Power Delivery},
  title   = {Power system frequency estimation using least mean square technique},
  year    = {2005},
  number  = {3},
  pages   = {1812-1816},
  volume  = {20},
  doi     = {10.1109/TPWRD.2004.843453},
}

@Article{6899625,
  author  = {Y. {Xia} and Z. {Blazic} and D. P. {Mandic}},
  journal = {IEEE Transactions on Instrumentation and Measurement},
  title   = {Complex-Valued Least Squares Frequency Estimation for Unbalanced Power Systems},
  year    = {2015},
  number  = {3},
  pages   = {638-648},
  volume  = {64},
  doi     = {10.1109/TIM.2014.2351291},
}

@Article{7065248,
  author  = {C. J. {Ramos} and A. P. {Martins} and A. S. {Carvalho}},
  journal = {IEEE Transactions on Industrial Electronics},
  title   = {Frequency and Phase-Angle Estimation Using Ordinary Least Squares},
  year    = {2015},
  number  = {9},
  pages   = {5677-5688},
  volume  = {62},
  doi     = {10.1109/TIE.2015.2415756},
}

@Article{ray2015improved,
  author    = {Ray, Pravat Kumar and Puhan, Pratap Sekhar and Panda, Gayadhar},
  title     = {Improved Recursive Newton Type Algorithm based power system frequency estimation},
  journal   = {International Journal of Electrical Power \& Energy Systems},
  year      = {2015},
  volume    = {65},
  pages     = {231--237},
  publisher = {Elsevier},
  url       = {https://www.sciencedirect.com/science/article/abs/pii/S0142061514006206},
}

@Article{routray2002novel,
  author    = {Routray, Aurobinda and Pradhan, Ashok Kumar and Rao, K Prahallad},
  title     = {A novel Kalman filter for frequency estimation of distorted signals in power systems},
  journal   = {IEEE Transactions on Instrumentation and Measurement},
  year      = {2002},
  volume    = {51},
  number    = {3},
  pages     = {469--479},
  doi       = {10.1109/TIM.2002.1017717},
  publisher = {IEEE},
  url       = {https://ieeexplore.ieee.org/abstract/document/1017717},
}

@Article{rubeena2014accurate,
  author    = {Rubeena, Rubeena and Zadeh, Mohammad R Dadash and Bains, Tirath Pal S},
  title     = {An accurate offline phasor estimation for fault location in series-compensated lines},
  journal   = {IEEE transactions on power delivery},
  year      = {2014},
  volume    = {29},
  number    = {2},
  pages     = {876--883},
  doi       = {10.1109/TPWRD.2013.2283454},
  publisher = {IEEE},
  url       = {https://ieeexplore.ieee.org/abstract/document/6704849},
}

@Article{karimi2010application,
  author    = {Karimi-Ghartemani, Masoud and Ooi, Boon-Teck and Bakhshai, Alireza},
  title     = {Application of enhanced phase-locked loop system to the computation of synchrophasors},
  journal   = {IEEE Transactions on Power Delivery},
  year      = {2010},
  volume    = {26},
  number    = {1},
  pages     = {22--32},
  doi       = {10.1109/TPWRD.2010.2064341},
  publisher = {IEEE},
  url       = {https://ieeexplore.ieee.org/abstract/document/5575433},
}

@Article{golestan2013performance,
  author    = {Golestan, Saeed and Monfared, Mohammad and Freijedo, Francisco D and Guerrero, Josep M},
  title     = {Performance improvement of a prefiltered synchronous-reference-frame PLL by using a PID-type loop filter},
  journal   = {IEEE Transactions on Industrial Electronics},
  year      = {2013},
  volume    = {61},
  number    = {7},
  pages     = {3469--3479},
  doi       = {10.1109/TIE.2013.2282607},
  publisher = {IEEE},
  url       = {https://ieeexplore.ieee.org/abstract/document/6603275},
}

@InProceedings{ramos2005synchronizing,
  author    = {Ramos, Carlos and Martins, A and Carvalho, Adriano},
  title     = {Synchronizing renewable energy sources in distributed generation systems},
  booktitle = {Proc. Int. Conf. Renew. Energy Power Qual.(ICREPQ), Zaragoza, Spain},
  year      = {2005},
  pages     = {1--5},
  url       = {https://s3.amazonaws.com/academia.edu.documents/50836075/Synchronizing_Renewable_Energy_Sources_i20161211-14554-1antncf.pdf?response-content-disposition=inline%3B%20filename%3DSynchronizing_Renewable_Energy_Sources_i.pdf&X-Amz-Algorithm=AWS4-HMAC-SHA256&X-Amz-Credential=AKIAIWOWYYGZ2Y53UL3A%2F20200218%2Fus-east-1%2Fs3%2Faws4_request&X-Amz-Date=20200218T071022Z&X-Amz-Expires=3600&X-Amz-SignedHeaders=host&X-Amz-Signature=38f244e8a5b914bbb46aeec93d02734c0ed5147a0c5ca4fd67863216d20501f1},
}

@Article{tretter1985estimating,
  author    = {Tretter, Steve},
  title     = {Estimating the frequency of a noisy sinusoid by linear regression (Corresp.)},
  journal   = {IEEE Transactions on Information theory},
  year      = {1985},
  volume    = {31},
  number    = {6},
  pages     = {832--835},
  doi       = {10.1109/TIT.1985.1057115},
  publisher = {IEEE},
  url       = {https://ieeexplore.ieee.org/abstract/document/1057115},
}

@Article{kay1989fast,
  author    = {Kay, Steven},
  title     = {A fast and accurate single frequency estimator},
  journal   = {IEEE Transactions on Acoustics, Speech, and Signal Processing},
  year      = {1989},
  volume    = {37},
  number    = {12},
  pages     = {1987--1990},
  publisher = {IEEE},
  url       = {10.1109/29.45547},
}

@Article{mckilliam2010frequency,
  author    = {McKilliam, Robby G and Quinn, Barry G and Clarkson, I Vaughan L and Moran, Bill},
  title     = {Frequency estimation by phase unwrapping},
  journal   = {IEEE transactions on signal processing},
  year      = {2010},
  volume    = {58},
  number    = {6},
  pages     = {2953--2963},
  doi       = {10.1109/TSP.2010.2045786},
  publisher = {IEEE},
  url       = {https://ieeexplore.ieee.org/abstract/document/5431026},
}

@Article{schafer2011savitzky,
  author    = {Schafer, Ronald W},
  title     = {What is a Savitzky-Golay filter?[lecture notes]},
  journal   = {IEEE Signal processing magazine},
  year      = {2011},
  volume    = {28},
  number    = {4},
  pages     = {111--117},
  doi       = {10.1109/MSP.2011.941097},
  publisher = {IEEE},
  url       = {https://ieeexplore.ieee.org/abstract/document/5888646},
}

@Article{de1999voltage,
  author  = {De Tandt, B},
  title   = {Voltage characteristics of electricity supplied by public distribution systems},
  journal = {European Committee for Electrotechnical Standardization (CENELEC)},
  year    = {1999},
}

@Article{Modeling_Questions_Lyutarevich2013,
  author    = {Лютаревич, Александр Геннадьевич and Горюнов, Владимир Николаевич and Долингер, Станислав Юрьевич and Хацевич, Константин Владимирович},
  journal   = {Омский научный вестник},
  title     = {Вопросы моделирования устройств обеспечения качества электрической энергии},
  year      = {2013},
  number    = {1(117},
  publisher = {Федеральное государственное бюджетное образовательное учреждение высшего~...},
  url       = {https://cyberleninka.ru/article/n/voprosy-modelirovaniya-ustroystv-obespecheniya-kachestva-elektricheskoy-energii},
}

@Article{Accounting_Higher_harmonics_Plans_2013,
  author    = {Планков, АА},
  journal   = {Современные проблемы науки и образования},
  title     = {Учет высших гармоник при исследовании динамической устойчивости узлов электроэнергетических систем с асинхронной нагрузкой},
  year      = {2013},
  number    = {5},
  pages     = {23--23},
  publisher = {Общество с ограниченной ответственностью" Издательский Дом" Академия~…},
}

@Article{cooley1965algorithm,
  author    = {Cooley, James W and Tukey, John W},
  journal   = {Mathematics of computation},
  title     = {An algorithm for the machine calculation of complex Fourier series},
  year      = {1965},
  number    = {90},
  pages     = {297--301},
  volume    = {19},
  publisher = {JSTOR},
}

@Article{good1958interaction,
  author    = {Good, Irving John},
  journal   = {Journal of the Royal Statistical Society: Series B (Methodological)},
  title     = {The interaction algorithm and practical Fourier analysis},
  year      = {1958},
  number    = {2},
  pages     = {361--372},
  volume    = {20},
  publisher = {Wiley Online Library},
}

@Article{thomas1963using,
  author    = {Thomas, Llewellyn H},
  journal   = {Applications of digital computers},
  title     = {Using a computer to solve problems in physics},
  year      = {1963},
  pages     = {44--45},
  publisher = {Ginn},
}

@Article{rudnick1966note,
  author  = {Rudnick, Philip},
  journal = {Mathematics of Computation},
  title   = {Note on the calculation of Fourier series},
  year    = {1966},
  number  = {95},
  pages   = {429--430},
  volume  = {20},
}

@Article{danielson1942some,
  author    = {Danielson, Gordon Charles and Lanczos, Cornelius},
  journal   = {Journal of the Franklin Institute},
  title     = {Some improvements in practical Fourier analysis and their application to X-ray scattering from liquids},
  year      = {1942},
  number    = {5},
  pages     = {435--452},
  volume    = {233},
  publisher = {Elsevier},
}

@Article{gauss1866nachlass,
  author  = {Gauss, Carl Friedrich},
  journal = {Carl Friedrich Gauss Werke},
  title   = {Nachlass: Theoria interpolationis methodo nova tractata},
  year    = {1866},
  pages   = {265--327},
  volume  = {3},
}

@Article{zhang2001algorithm,
  author    = {Zhang, Fusheng and Geng, Zhongxing and Yuan, Wei},
  journal   = {IEEE transactions on power delivery},
  title     = {The algorithm of interpolating windowed FFT for harmonic analysis of electric power system},
  year      = {2001},
  number    = {2},
  pages     = {160--164},
  volume    = {16},
  publisher = {IEEE},
}

@Book{Quick_conversion_1985,
  author    = {Нуссбаумер, Генри},
  publisher = {Радио и связь},
  title     = {Быстрое преобразование Фурье и алгоритмы вычисления сверток},
  year      = {1985},
}

@Article{xie1996nonlinear,
  author    = {Xie, Ming and Adams, Donald F},
  journal   = {Finite elements in analysis and design},
  title     = {A nonlinear finite element analysis for composite materials},
  year      = {1996},
  number    = {3},
  pages     = {211--223},
  volume    = {22},
  publisher = {Elsevier},
}

@Book{Digital_processing_Goldenberg_1985,
  author    = {Гольденберг, Лев Моисеевич and Матюшкин, Борис Дмитриевич and Поляк, Михаил Николаевич and others},
  publisher = {Радио и связь},
  title     = {Цифровая обработка сигналов: Справочник},
  year      = {1985},
}

@Article{belega2010accuracy,
  author    = {Belega, Daniel and Dallet, Dominique and Petri, Dario},
  journal   = {IEEE Transactions on Instrumentation and Measurement},
  title     = {Accuracy of sine wave frequency estimation by multipoint interpolated DFT approach},
  year      = {2010},
  number    = {11},
  pages     = {2808--2815},
  volume    = {59},
  publisher = {IEEE},
}

@Article{duda2011dft,
  author    = {Duda, Krzysztof},
  journal   = {IEEE Transactions on Instrumentation and Measurement},
  title     = {DFT interpolation algorithm for Kaiser--Bessel and Dolph--Chebyshev windows},
  year      = {2011},
  number    = {3},
  pages     = {784--790},
  volume    = {60},
  publisher = {IEEE},
}

@Article{luo2015phase,
  author    = {Luo, Jiufei and Xie, Ming},
  journal   = {Mechanical Systems and Signal Processing},
  title     = {Phase difference methods based on asymmetric windows},
  year      = {2015},
  pages     = {52--67},
  volume    = {54},
  publisher = {Elsevier},
}

@Book{dorf2006circuits,
  author    = {Dorf, Richard C},
  publisher = {CRC Press},
  title     = {Circuits, signals, and speech and image processing},
  year      = {2006},
}

@Book{press1992art,
  author    = {Press, William H},
  publisher = {Cambridge university press},
  title     = {The art of scientific computing},
  year      = {1992},
}

@Book{kay1993fundamentals,
  author    = {Kay, Steven M},
  publisher = {Prentice Hall PTR},
  title     = {Fundamentals of statistical signal processing},
  year      = {1993},
}

@Book{kay2013fundamentals,
  author    = {Кей, Стивен М},
  publisher = {Pearson Education},
  title     = {Основы статистической обработки сигналов: Практическая разработка алгоритма},
  год       = {2013},
  объем     = {3},
}

@Article{Time-frequency_Avramchuk_2009,
  author    = {Аврамчук, Валерий Степанович and Тьяу, Чан Вьет},
  journal   = {Известия Томского политехнического университета},
  title     = {Частотно-временной корреляционный анализ цифровых сигналов},
  year      = {2009},
  number    = {5},
  pages     = {112--115},
  volume    = {315},
  publisher = {Томский политехнический университет},
}

@Article{Optimization_Computational_Altman2008,
  author    = {Альтман, Евгений Анатольевич},
  journal   = {Омский научный вестник},
  title     = {Оптимизация вычислительной схемы быстрого преобразования Фурье},
  year      = {2008},
  number    = {1 (64)},
  publisher = {Федеральное государственное бюджетное образовательное учреждение высшего~…},
}

@InProceedings{Building_suboptimal_Altman_2017,
  author    = {Альтман, ЕА},
  booktitle = {Информационно-телекоммуникационные системы и технологии},
  title     = {Построение субоптимальных моделей алгоритмов БПФ по основанию 2},
  year      = {2017},
  pages     = {409--411},
}

@Article{Increase_Accuracy_Yelizarov2014,
  author  = {Елизаров, Дмитрий Александрович},
  journal = {Омск: дис.… канд. техн. наук},
  title   = {Повышение точности оценки показателей несинусоидальности напряжения в электроэнергетических системах},
  year    = {2014},
}

@Article{santamaria2000comparative,
  author    = {Santamaria, Ignacio and Pantaleon, Carlos and Ibanez, Jesus},
  journal   = {Mechanical Systems and Signal Processing},
  title     = {A comparative study of high-accuracy frequency estimation methods},
  year      = {2000},
  number    = {5},
  pages     = {819--834},
  volume    = {14},
  publisher = {Elsevier},
}

@InProceedings{ferreira2005accurate,
  author       = {Ferreira, An{\'\i}bal and Sinha, Deepen},
  booktitle    = {IEEE Workshop on Applications of Signal Processing to Audio and Acoustics, 2005.},
  title        = {Accurate and robust frequency estimation in the ODFT domain},
  year         = {2005},
  organization = {IEEE},
  pages        = {203--206},
}

@Article{jain1979high,
  author    = {Jain, Vijay K and Collins, William L and Davis, David C},
  journal   = {IEEE Transactions on Instrumentation and Measurement},
  title     = {High-accuracy analog measurements via interpolated FFT},
  year      = {1979},
  number    = {2},
  pages     = {113--122},
  volume    = {28},
  publisher = {IEEE},
}

@Article{grandke1983interpolation,
  author    = {Grandke, Thomas},
  journal   = {IEEE transactions on instrumentation and measurement},
  title     = {Interpolation algorithms for discrete Fourier transforms of weighted signals},
  year      = {1983},
  number    = {2},
  pages     = {350--355},
  volume    = {32},
  publisher = {IEEE},
}

@Article{andria1989windows,
  author    = {Andria, Gregorio and Savino, Mario and Trotta, Amerigo},
  journal   = {IEEE Transactions on Instrumentation and Measurement},
  title     = {Windows and interpolation algorithms to improve electrical measurement accuracy},
  year      = {1989},
  number    = {4},
  pages     = {856--863},
  volume    = {38},
  publisher = {IEEE},
}

@InProceedings{offelli1989interpolation,
  author       = {Offelli, Carlo and Petri, Dario},
  booktitle    = {6th IEEE Conference Record., Instrumentation and Measurement Technology Conference},
  title        = {Interpolation techniques for real-time multifrequency waveform analysis},
  year         = {1989},
  organization = {IEEE},
  pages        = {325--331},
}

@Article{agrez2002weighted,
  author    = {Agrez, Dusan},
  journal   = {IEEE Transactions on Instrumentation and Measurement},
  title     = {Weighted multipoint interpolated DFT to improve amplitude estimation of multifrequency signal},
  year      = {2002},
  number    = {2},
  pages     = {287--292},
  volume    = {51},
  publisher = {IEEE},
}

@Article{jacobsen2007fast,
  author    = {Jacobsen, Eric and Kootsookos, Peter},
  journal   = {IEEE Signal Processing Magazine},
  title     = {Fast, accurate frequency estimators [DSP Tips \& Tricks]},
  year      = {2007},
  number    = {3},
  pages     = {123--125},
  volume    = {24},
  publisher = {IEEE},
}

@Article{schoukens1992interpolated,
  author    = {Schoukens, Johan and Pintelon, Rik and Van Hamme, Hugo},
  journal   = {IEEE Transactions on instrumentation and measurement},
  title     = {The interpolated fast Fourier transform: A comparative study},
  year      = {1992},
  number    = {2},
  pages     = {226--232},
  volume    = {41},
  publisher = {IEEE},
}

@Article{nickalls1993new,
  author    = {Nickalls, Richard WD},
  journal   = {The Mathematical Gazette},
  title     = {A new approach to solving the cubic: Cardan's solution revealed},
  year      = {1993},
  number    = {480},
  pages     = {354--359},
  volume    = {77},
  publisher = {JSTOR},
}

@Book{Digital_processing_Sergienko_2011,
  author    = {Сергиенко, Александр Борисович},
  publisher = {БХВ-Петербург},
  title     = {Цифровая обработка сигналов},
  year      = {2011},
}

@Article{Definition_parameters_Altman_2012,
  author  = {Альтман, ЕА and Елизаров, ДА},
  journal = {Современные проблемы радиоэлектроники: сб. науч. тр./Сиб. федер. ун-т. Красноярск},
  title   = {Определение параметров гармоник однотональных сигналов},
  year    = {2012},
  pages   = {119--124},
}

@Article{kushilevitz1993learning,
  author    = {Kushilevitz, Eyal and Mansour, Yishay},
  journal   = {SIAM Journal on Computing},
  title     = {Learning decision trees using the Fourier spectrum},
  year      = {1993},
  number    = {6},
  pages     = {1331--1348},
  volume    = {22},
  publisher = {SIAM},
}

@InProceedings{hassanieh2012faster,
  author    = {Hassanieh, Haitham and Adib, Fadel and Katabi, Dina and Indyk, Piotr},
  booktitle = {Proceedings of the 18th annual international conference on Mobile computing and networking},
  title     = {Faster GPS via the sparse Fourier transform},
  year      = {2012},
  pages     = {353--364},
}

@InProceedings{hassanieh2012nearly,
  author    = {Hassanieh, Haitham and Indyk, Piotr and Katabi, Dina and Price, Eric},
  booktitle = {Proceedings of the forty-fourth annual ACM symposium on Theory of computing},
  title     = {Nearly optimal sparse Fourier transform},
  year      = {2012},
  pages     = {563--578},
}

@InProceedings{pawar2013computing,
  author       = {Pawar, Sameer and Ramchandran, Kannan},
  booktitle    = {2013 IEEE International Symposium on Information Theory},
  title        = {Computing a k-sparse n-length discrete fourier transform using at most 4k samples and o (k log k) complexity},
  year         = {2013},
  organization = {IEEE},
  pages        = {464--468},
}

@InProceedings{schumacher2014high,
  author       = {Schumacher, J{\"o}rn and P{\"u}schel, Markus},
  booktitle    = {2014 IEEE Workshop on Signal Processing Systems (SiPS)},
  title        = {High-performance sparse fast Fourier transforms},
  year         = {2014},
  organization = {IEEE},
  pages        = {1--6},
}

@InProceedings{hassanieh2012simple,
  author       = {Hassanieh, Haitham and Indyk, Piotr and Katabi, Dina and Price, Eric},
  booktitle    = {Proceedings of the twenty-third annual ACM-SIAM symposium on Discrete Algorithms},
  title        = {Simple and practical algorithm for sparse Fourier transform},
  year         = {2012},
  organization = {SIAM},
  pages        = {1183--1194},
}

@InCollection{bottazzi2018new,
  author    = {Bottazzi, Giovanni and Italiano, Giuseppe F and Rutigliano, Giuseppe G},
  booktitle = {Cyber Criminology},
  publisher = {Springer},
  title     = {A New Scalable Botnet Detection Method in the Frequency Domain},
  year      = {2018},
  pages     = {141--166},
}

@Article{indyk2014sparse,
  author    = {Indyk, Piotr and Kapralov, Michael},
  title     = {Sparse Fourier Transform in Any Constant Dimension with Nearly-Optimal Sample Complexity in Sublinear Time},
  year      = {2014},
  publisher = {Citeseer},
}

@InProceedings{indyk2014nearly,
  author       = {Indyk, Piotr and Kapralov, Michael and Price, Eric},
  booktitle    = {Proceedings of the Twenty-Fifth Annual ACM-SIAM Symposium on Discrete Algorithms},
  title        = {(Nearly) sample-optimal sparse Fourier transform},
  year         = {2014},
  organization = {SIAM},
  pages        = {480--499},
}

@Online{spiral,
  title   = {Spiral},
  url     = {http://www.spiral.net/},
  urldate = {2021-03-15},
  year    = {2021},
}

@Article{6826459,
  journal = {IEEE Std 519-2014 (Revision of IEEE Std 519-1992)},
  title   = {IEEE Recommended Practice and Requirements for Harmonic Control in Electric Power Systems},
  year    = {2014},
  pages   = {1-29},
  doi     = {10.1109/IEEESTD.2014.6826459},
}

@Article{Interharmonics_in_systems_Zhezhelenko_1999,
  author    = {Жежеленко, Игорь Владимирович and Саенко, Юрий Леонидович and Бараненко, Татьяна Константиновна},
  journal   = {Вестник Приазовского государственного технического университета. Серия: Технические науки},
  title     = {Интергармоники в системах электроснабжения промпредприятий},
  year      = {1999},
  number    = {8},
  publisher = {Государственное высшее учебное заведение {\guillemotleft}Приазовский государственный~…},
}

@Article{Calculation_Current_Mikheev_2017,
  author    = {Михеев, Георгий Михайлович and Атаманов, Михаил Николаевич and Афанасьева, Ольга Владимировна and Дрей, Надежда Михайловна},
  journal   = {Вестник Чувашского университета},
  title     = {Расчёт тока конденсаторных батарей с учетом источников высших гармоник},
  year      = {2017},
  number    = {1},
  publisher = {Федеральное государственное бюджетное образовательное учреждение высшего~…},
}

@Article{testa2007интергармоники,
  author  = {Testa, A},
  journal = {IEEE Труды поставки электроэнергии за},
  title   = {Интергармоники: теория и моделирование},
  year    = {2007},
  number  = {22},
  pages   = {2335--2348},
}

@InProceedings{gunther2001interharmonics,
  author       = {Gunther, Erich W},
  booktitle    = {2001 Power Engineering Society Summer Meeting. Conference Proceedings (Cat. No. 01CH37262)},
  title        = {Interharmonics in power systems},
  year         = {2001},
  organization = {IEEE},
  pages        = {813--817},
  volume       = {2},
}

@Article{532851,
  author  = {R. {Yacamini}},
  journal = {Power Engineering Journal},
  title   = {Power system harmonics. IV. Interharmonics},
  year    = {1996},
  number  = {4},
  pages   = {185-193},
  volume  = {10},
  doi     = {10.1049/pe:19960411},
}

@InProceedings{testa2002interharmonic,
  author       = {Testa, A and Gallo, D and Langella, R},
  booktitle    = {IEEE Power Engineering Society Summer Meeting,},
  title        = {Interharmonic measurements in IEC standard framework},
  year         = {2002},
  organization = {IEEE},
  pages        = {935--940},
  volume       = {2},
}

@Article{Improving_methods_Shizma_2014,
  author  = {Чижма, Сергей Николаевич},
  journal = {Омск, ОГУПС},
  title   = {Совершенствование методов и средств контроля качества электроэнергии и составляющих мощности в электроэнергетических системах с тяговой нагрузкой},
  year    = {2014},
}

@Article{Harmonic_analysis_Goldstein2009,
  author    = {Гольдштейн, ЕИ and Радаев, ЕВ},
  journal   = {Электричество},
  title     = {Гармонический анализ токов (напряжений) при наличии в них интергармоник и неизвестном периоде результирующего сигнала},
  year      = {2009},
  number    = {12},
  pages     = {87--88},
  publisher = {Федеральное государственное бюджетное образовательное учреждение высшего~…},
}

@Article{Development_method_Osipov_2017,
  author    = {Осипов, Дмитрий Сергеевич and Коваленко, Дмитрий Валерьевич and Файфер, Лилия Андреевна and Киселёв, Богдан Юрьевич and Долгих, Надежда Николаевна},
  journal   = {Омский научный вестник},
  title     = {Разработка метода расчета потерь мощности в токоведущих частях при наличии интергармоник},
  year      = {2017},
  number    = {4 (154)},
  publisher = {Федеральное государственное бюджетное образовательное учреждение высшего~…},
}

@Article{ramos2017power,
  author    = {Ramos, Carlos Jo{\~a}o and Martins, Ant{\'o}nio Pina and da Silva Carvalho, Adriano},
  journal   = {International Journal of Electrical Power \& Energy Systems},
  title     = {Power system frequency estimation using a least mean squares differentiator},
  year      = {2017},
  pages     = {166--175},
  volume    = {87},
  publisher = {Elsevier},
}

@Article{energy_saving_law_2019,
  author  = {Закон, Федеральный},
  journal = {Доступ из справ.-правовой системы {\guillemotleft}КонсультантПлюс},
  title   = {Об энергосбережении и о повышении энергетической эффективности и о внесении изменений в отдельные законодательные акты Российской Федерации (с изменениями на 26 июля 2019 года)},
  year    = {2019},
  url     = {http://docs.cntd.ru/document/902186281},
  urldate = {2021-02-01},
}

@Article{Serkov2017Problems,
  author    = {Серков, АВ},
  journal   = {Промышленная энергетика},
  title     = {Проблемы юридической ответственности за нарушение требований к качеству поставляемой энергии},
  year      = {2017},
  number    = {1},
  pages     = {48--54},
  publisher = {Закрытое акционерное общество" Научно-техническая фирма" Энергопрогресс"},
}

@Book{gonzalez2018digital,
  author    = {Gonzalez, Rafael C and Woods, Richard E and others},
  publisher = {Pearson},
  title     = {Digital Image Processing, 4th Edition},
  year      = {2018},
  isbn      = {978-0-13335-672-4},
  url       = {http://www.imageprocessingplace.com/downloads_V3/dip4e_downloads/dip4e_sample_book_material/dip4e_sample_chapters.pdf},
  urldate   = {2021-03-15},
}

@Article{bondina2012comparative,
  author    = {Бондина, Нина Николаевна and Калмычков, АС and Кривенцов, ВЭ},
  journal   = {Вестник Национального технического университета Харьковский политехнический институт. Серия: Информатика и моделирование},
  title     = {Сравнительный анализ алгоритмов фильтрации медицинских изображений},
  year      = {2012},
  number    = {38},
  publisher = {Національний технічний університет {\guillemotleft}Харківський політехнічний інститут{\guillemotright}},
}

@Article{Soynikova2016high-performance,
  author    = {Сойникова, ЕС and Батищев, ДС and Синюк, ВГ and Михелев, ВМ and others},
  journal   = {Научный результат. Информационные технологии},
  title     = {Высокопроизводительный метод анализа и морфологической обработки изображений},
  year      = {2016},
  number    = {3},
  volume    = {1},
  publisher = {Федеральное государственное автономное образовательное учреждение высшего~…},
}

@Article{gruzman2002digital,
  author  = {Грузман, Игорь Семенович and Киричук, Валерий Сергеевич and Косых, Валерий Петрович and Перетягин, Георгий Иванович and Спектор, Александр Аншелевич},
  journal = {Новосибирск: изд-во НГТУ},
  title   = {Цифровая обработка изображений в информационных системах},
  year    = {2002},
  pages   = {6},
  volume  = {352},
}

@InProceedings{7025588,
  author    = {S. {Yoshizawa} and H. {Yokota}},
  booktitle = {2014 IEEE International Conference on Image Processing (ICIP)},
  title     = {Fast L1 Gaussian convolution via domain splitting},
  year      = {2014},
  pages     = {2908-2912},
  doi       = {10.1109/ICIP.2014.7025588},
}

@Book{bluehut1989fast,
  author    = {Блейхут, Ричард Э},
  publisher = {Мир},
  title     = {Быстрые алгоритмы цифровой обработки сигналов},
  year      = {1989},
}

@Article{soni2014review,
  author  = {Soni, Manish Kumar and Soni, Nisheet},
  journal = {International Journal of Science, Engineering and Technology Research (IJSETR)},
  title   = {Review of causes and effect of harmonics on power system},
  year    = {2014},
  number  = {2},
  pages   = {214--220},
  volume  = {3},
}

@Article{kamenka2014six,
  author  = {Kamenka, Alexander},
  journal = {The Schaffner Group, Luterbach},
  title   = {Six tough topics about harmonic distortion and Power Quality indices in electric power systems},
  year    = {2014},
}

@Book{Oppenheim2018Digital,
  author    = {Оппенгейм, Алан and Шафер, Рональд},
  publisher = {Litres},
  title     = {Цифровая обработка сигналов},
  year      = {2018},
}

@Book{sergienko2011digital,
  author    = {Сергиенко, Александр Борисович},
  publisher = {БХВ-Петербург},
  title     = {Цифровая обработка сигналов},
  year      = {2011},
}

@Article{Elizarov2012application,
  author    = {Елизаров, Дмитрий Александрович},
  journal   = {В мире научных открытий},
  title     = {Применение метода чисел Фибоначчи для поиска максимума корреляционной функции},
  year      = {2012},
  number    = {1},
  pages     = {28--38},
  publisher = {Общество с ограниченной ответственностью Научно-инновационный центр},
}

@Article{Altman2012improvement,
  author    = {Альтман, ЕА and Елизаров, ДА and Чижма, СН},
  journal   = {Электротехнические комплексы и системы управления},
  title     = {Совершенствование алгоритма определения параметров гармоник сигналов в электрической сети для оценки качества электроэнергии},
  year      = {2012},
  number    = {4},
  pages     = {5--9},
  publisher = {Закрытое акционерное общество" Воронежский инновационно-технологический центр"},
}

@Article{Altman2012formation,
  author    = {Альтман, ЕА and Елизаров, ДА},
  journal   = {Динамика систем, механизмов и машин},
  title     = {Формирование эталонной функции с действительным спектром для оценки спектра сигнала электрической сети},
  year      = {2012},
  number    = {1},
  publisher = {Федеральное государственное бюджетное образовательное учреждение высшего~…},
}

@Misc{Davenport1960introduction,
  author    = {Давенпорт, ВБ and Рут, ВЛ},
  title     = {Введение в теорию случайных сигналов и шумов. М.: ИЛ},
  year      = {1960},
  publisher = {M},
}

@Article{558515,
  author  = {B. G. {Quinn}},
  journal = {IEEE Transactions on Signal Processing},
  title   = {Estimation of frequency, amplitude, and phase from the DFT of a time series},
  year    = {1997},
  number  = {3},
  pages   = {814-817},
  volume  = {45},
  doi     = {10.1109/78.558515},
}

@InProceedings{550562,
  author    = {Y. {Naito} and T. {Miyazaki} and I. {Kuroda}},
  booktitle = {1996 IEEE International Conference on Acoustics, Speech, and Signal Processing Conference Proceedings},
  title     = {A fast full-search motion estimation method for programmable processors with a multiply-accumulator},
  year      = {1996},
  pages     = {3221-3224 vol. 6},
  volume    = {6},
  doi       = {10.1109/ICASSP.1996.550562},
}

@Article{MOU1987377,
  author   = {Z.J Mou and P Duhamel},
  journal  = {Signal Processing},
  title    = {Fast FIR filtering: Algorithms and implementations},
  year     = {1987},
  issn     = {0165-1684},
  number   = {4},
  pages    = {377-384},
  volume   = {13},
  doi      = {https://doi.org/10.1016/0165-1684(87)90019-3},
  keywords = {Fast algorithm, FIR filtering, arithmetic complexity},
  url      = {https://www.sciencedirect.com/science/article/pii/0165168487900193},
}

@Article{altman2015fast,
  author    = {Альтман, Евгений Анатольевич and Захаренко, Елена Игоревна},
  journal   = {Доклады Томского государственного университета систем управления и радиоэлектроники},
  title     = {Быстрый алгоритм вычисления двумерной корреляции для видеообработки},
  year      = {2015},
  number    = {2 (36)},
  publisher = {Федеральное государственное бюджетное образовательное учреждение высшего~…},
}

@Article{Rauscher2006basics,
  author  = {Раушер, Кристоф and Йанссен, Ф and Минихольд, Р},
  journal = {М.: Горячая линия-Телеком},
  title   = {Основы спектрального анализа},
  year    = {2006},
}

@Book{Thomasi2017electronic,
  author    = {Томаси, Уэйн},
  publisher = {Litres},
  title     = {Электронные системы связи},
  year      = {2017},
}

@InProceedings{gilbert2002near,
  author    = {Gilbert, Anna C and Guha, Sudipto and Indyk, Piotr and Muthukrishnan, Shanmugavelayutham and Strauss, Martin},
  booktitle = {Proceedings of the thiry-fourth annual ACM symposium on Theory of computing},
  title     = {Near-optimal sparse Fourier representations via sampling},
  year      = {2002},
  pages     = {152--161},
}

@InProceedings{6986055,
  author    = {J. {Schumacher} and M. {Püschel}},
  booktitle = {2014 IEEE Workshop on Signal Processing Systems (SiPS)},
  title     = {High-performance sparse fast Fourier transforms},
  year      = {2014},
  pages     = {1-6},
  doi       = {10.1109/SiPS.2014.6986055},
}

@Article{4515960,
  author  = {S. {Bay} and B. {Geller} and A. {Renaux} and J. {Barbot} and J. {Brossier}},
  journal = {IEEE Signal Processing Letters},
  title   = {On the Hybrid Cramér Rao Bound and Its Application to Dynamical Phase Estimation},
  year    = {2008},
  pages   = {453-456},
  volume  = {15},
  doi     = {10.1109/LSP.2008.921461},
}

@InProceedings{343082,
  author    = {J. A. {Fessler} and A. O. {Hero}},
  booktitle = {Proceedings of 36th Midwest Symposium on Circuits and Systems},
  title     = {Cramer-Rao lower bounds for biased image reconstruction},
  year      = {1993},
  pages     = {253-256 vol.1},
  doi       = {10.1109/MWSCAS.1993.343082},
}

@InProceedings{1439205,
  author    = {N. {Noels} and H. {Steendam} and M. {Moeneclaey}},
  booktitle = {IEEE 5th Workshop on Signal Processing Advances in Wireless Communications, 2004.},
  title     = {On the Cramer-Rao lower bound and the performance of synchronizers for (turbo) encoded systems},
  year      = {2004},
  pages     = {69-73},
  doi       = {10.1109/SPAWC.2004.1439205},
}

@Article{668800,
  author  = {P. {Tichavsky} and C. H. {Muravchik} and A. {Nehorai}},
  journal = {IEEE Transactions on Signal Processing},
  title   = {Posterior Cramer-Rao bounds for discrete-time nonlinear filtering},
  year    = {1998},
  number  = {5},
  pages   = {1386-1396},
  volume  = {46},
  doi     = {10.1109/78.668800},
}

@TechReport{tran1990cramer,
  author      = {Tran, CV},
  institution = {NAVAL OCEAN SYSTEMS CENTER SAN DIEGO CA},
  title       = {Cramer-Rao Bound, MUSIC, and Maximum Likelihood. Effects of Temporal Phase Difference},
  year        = {1990},
}

@Article{Lukin2002Introduction,
  author  = {Лукин, А},
  journal = {М.: МГУ. Лаборатория компьютерной графики и мультимедиа},
  title   = {Введение в цифровую обработку сигналов},
  year    = {2002},
}

@Article{Kalinovsky2016application,
  author    = {Калиновский, Илья Андреевич and Спицын, Владимир Григорьевич},
  journal   = {Вычислительные методы и программирование: новые вычислительные технологии},
  title     = {Применение полиномиальных преобразований для быстрого вычисления двумерных сверток},
  year      = {2016},
  number    = {3},
  pages     = {197--203},
  volume    = {17},
  publisher = {Томский политехнический университет},
}

@Article{haykin2005cocktail,
  author    = {Haykin, Simon and Chen, Zhe},
  journal   = {Neural computation},
  title     = {The cocktail party problem},
  year      = {2005},
  number    = {9},
  pages     = {1875--1902},
  volume    = {17},
  publisher = {MIT Press},
}

@Article{Gonzalez2012digital,
  author    = {Гонсалес, Рафаэль and Вудс, Р},
  title     = {Цифровая обработка изображений},
  year      = {2012},
  publisher = {Техносфера},
}

@Book{Rabiner1978theory,
  author    = {Рабинер, Лоуренс and Гоулд, Бернард},
  publisher = {Рипол Классик},
  title     = {Теория и применение цифровой обработки сигналов},
  year      = {1978},
}

@Book{Huang1984fast,
  author    = {Хуанг, Томас С},
  publisher = {Издательство Pubmix. com},
  title     = {Быстрые алгоритмы в цифровой обработке изображений},
  year      = {1984},
}

@Article{durdhavale2016review,
  author    = {Durdhavale, Snehal R and Ahire, Dyaneshwar D},
  journal   = {International Journal of Computer Applications},
  title     = {A review of harmonics detection and measurement in power system},
  year      = {2016},
  number    = {10},
  pages     = {42--45},
  volume    = {143},
  publisher = {Foundation of Computer Science},
}

@Book{arrillaga1997power,
  author    = {Arrillaga, Jos and Smith, Bruce C and Watson, Neville R and Wood, Alan R},
  publisher = {John Wiley \& Sons},
  title     = {Power system harmonic analysis},
  year      = {1997},
}

@Article{rodriguez2017novel,
  author    = {Rodriguez-Guerrero, Marco A and Carranza-Lopez-Padilla, Rene and Osornio-Rios, Roque A and Romero-Troncoso, Rene de J},
  journal   = {Electric Power Systems Research},
  title     = {A novel methodology for modeling waveforms for power quality disturbance analysis},
  year      = {2017},
  pages     = {14--24},
  volume    = {143},
  publisher = {Elsevier},
}

@Article{guo2016method,
  author    = {Guo, Xiaoqiang and Zhong, Rui and Zhao, Longpan and Yin, Jun and Sun, Weifeng},
  journal   = {IET Electric Power Applications},
  title     = {Method for radial vibration modelling in switched reluctance motor},
  year      = {2016},
  number    = {9},
  pages     = {834--842},
  volume    = {10},
  publisher = {IET},
}

@Article{6919330,
  author  = {H. {Wen} and J. {Zhang} and Z. {Meng} and S. {Guo} and F. {Li} and Y. {Yang}},
  journal = {IEEE Transactions on Industrial Informatics},
  title   = {Harmonic Estimation Using Symmetrical Interpolation FFT Based on Triangular Self-Convolution Window},
  year    = {2015},
  number  = {1},
  pages   = {16-26},
  volume  = {11},
  doi     = {10.1109/TII.2014.2362491},
}

@Article{7172520,
  author  = {M. S. {Reza} and V. G. {Agelidis}},
  journal = {IEEE Transactions on Instrumentation and Measurement},
  title   = {A Robust Technique for Single-Phase Grid Voltage Fundamental and Harmonic Parameter Estimation},
  year    = {2015},
  number  = {12},
  pages   = {3262-3273},
  volume  = {64},
  doi     = {10.1109/TIM.2015.2444259},
}

@Article{beltran2017fast,
  author    = {Beltran-Carbajal, F and Silva-Navarro, G},
  journal   = {Electric Power Systems Research},
  title     = {A fast parametric estimation approach of signals with multiple frequency harmonics},
  year      = {2017},
  pages     = {157--162},
  volume    = {144},
  publisher = {Elsevier},
}

@Article{4102347,
  author  = {A. A. {Girgis} and F. M. {Ham}},
  journal = {IEEE Transactions on Aerospace and Electronic Systems},
  title   = {A Quantitative Study of Pitfalls in the FFT},
  year    = {1980},
  number  = {4},
  pages   = {434-439},
  volume  = {AES-16},
  doi     = {10.1109/TAES.1980.308971},
}

@Article{dash1998fast,
  author    = {Dash, PK and Liew, AC and Swain, DP and Mishra, B},
  journal   = {International Journal of Electrical Power \& Energy Systems},
  title     = {Fast tracking of transient power system signals using fuzzy LMS algorithm},
  year      = {1998},
  number    = {8},
  pages     = {555--561},
  volume    = {20},
  publisher = {Elsevier},
}

@Article{1413428,
  author  = {K. K. C. {Yu} and N. R. {Watson} and J. {Arrillaga}},
  journal = {IEEE Transactions on Power Delivery},
  title   = {An adaptive Kalman filter for dynamic harmonic state estimation and harmonic injection tracking},
  year    = {2005},
  number  = {2},
  pages   = {1577-1584},
  volume  = {20},
  doi     = {10.1109/TPWRD.2004.838643},
}

@Article{dash1996harmonic,
  author    = {Dash, PK and Swain, DP and Routray, A and Liew, AC},
  journal   = {IEE Proceedings-Generation, Transmission and Distribution},
  title     = {Harmonic estimation in a power system using adaptive perceptrons},
  year      = {1996},
  number    = {6},
  pages     = {565--574},
  volume    = {143},
  publisher = {IET},
}

@Article{ray2012ensemble,
  author    = {Ray, Pravat Kumar and Subudhi, Bidyadhar},
  journal   = {IEEE transactions on instrumentation and measurement},
  title     = {Ensemble-Kalman-filter-based power system harmonic estimation},
  year      = {2012},
  number    = {12},
  pages     = {3216--3224},
  volume    = {61},
  publisher = {IEEE},
}

@Article{singh2016several,
  author    = {Singh, Santosh Kumar and Sinha, Nilotpal and Goswami, Arup Kumar and Sinha, Nidul},
  journal   = {International Journal of Electrical Power \& Energy Systems},
  title     = {Several variants of Kalman Filter algorithm for power system harmonic estimation},
  year      = {2016},
  pages     = {793--800},
  volume    = {78},
  publisher = {Elsevier},
}

@Article{6553247,
  author  = {M. {Valtierra-Rodriguez} and R. {de Jesus Romero-Troncoso} and R. A. {Osornio-Rios} and A. {Garcia-Perez}},
  journal = {IEEE Transactions on Industrial Electronics},
  title   = {Detection and Classification of Single and Combined Power Quality Disturbances Using Neural Networks},
  year    = {2014},
  number  = {5},
  pages   = {2473-2482},
  volume  = {61},
  doi     = {10.1109/TIE.2013.2272276},
}

@Article{4084681,
  author  = {H. C. {Lin}},
  journal = {IEEE Transactions on Industrial Electronics},
  title   = {Intelligent Neural Network-Based Fast Power System Harmonic Detection},
  year    = {2007},
  number  = {1},
  pages   = {43-52},
  volume  = {54},
  doi     = {10.1109/TIE.2006.888685},
}

@Article{lin2016electromagnetic,
  author    = {Lin, Fu and Zuo, Shuguang and Wu, Xudong},
  journal   = {IET Electric Power Applications},
  title     = {Electromagnetic vibration and noise analysis of permanent magnet synchronous motor with different slot-pole combinations},
  year      = {2016},
  number    = {9},
  pages     = {900--908},
  volume    = {10},
  publisher = {IET},
}

@Article{joorabian2009harmonic,
  author    = {Joorabian, M and Mortazavi, SS and Khayyami, AA},
  journal   = {Electric power systems research},
  title     = {Harmonic estimation in a power system using a novel hybrid Least Squares-Adaline algorithm},
  year      = {2009},
  number    = {1},
  pages     = {107--116},
  volume    = {79},
  publisher = {Elsevier},
}

@Article{moravej2014hybrid,
  author    = {Moravej, Zahra and Enayati, Javad},
  journal   = {International Transactions on Electrical Energy Systems},
  title     = {A hybrid least squares--clonal selection based algorithm for harmonics estimation},
  year      = {2014},
  number    = {1},
  pages     = {1--15},
  volume    = {24},
  publisher = {Wiley Online Library},
}

@Article{1193852,
  author  = {M. {Bettayeb} and {Uvais Qidwai}},
  journal = {IEEE Transactions on Power Delivery},
  title   = {A hybrid least squares-GA-based algorithm for harmonic estimation},
  year    = {2003},
  number  = {2},
  pages   = {377-382},
  volume  = {18},
  doi     = {10.1109/TPWRD.2002.807458},
}

@Article{4469961,
  author  = {Z. {Lu} and T. Y. {Ji} and W. H. {Tang} and Q. H. {Wu}},
  journal = {IEEE Transactions on Power Delivery},
  title   = {Optimal Harmonic Estimation Using A Particle Swarm Optimizer},
  year    = {2008},
  number  = {2},
  pages   = {1166-1174},
  volume  = {23},
  doi     = {10.1109/TPWRD.2008.917656},
}

@Article{singh2016power,
  author    = {Singh, Santosh Kumar and Sinha, Nabangshu and Goswami, Arup Kumar and Sinha, Nidul},
  journal   = {International Journal of Electrical Power \& Energy Systems},
  title     = {Power system harmonic estimation using biogeography hybridized recursive least square algorithm},
  year      = {2016},
  pages     = {219--228},
  volume    = {83},
  publisher = {Elsevier},
}

@Article{6202692,
  author  = {S. K. {Jain} and S. N. {Singh} and J. G. {Singh}},
  journal = {IEEE Transactions on Industrial Electronics},
  title   = {An Adaptive Time-Efficient Technique for Harmonic Estimation of Nonstationary Signals},
  year    = {2013},
  number  = {8},
  pages   = {3295-3303},
  volume  = {60},
  doi     = {10.1109/TIE.2012.2200218},
}

@Article{6419813,
  author  = {S. K. {Jain} and S. N. {Singh}},
  journal = {IEEE Transactions on Industrial Electronics},
  title   = {Low-Order Dominant Harmonic Estimation Using Adaptive Wavelet Neural Network},
  year    = {2014},
  number  = {1},
  pages   = {428-435},
  volume  = {61},
  doi     = {10.1109/TIE.2013.2242414},
}

@Article{nanda2016new,
  author    = {Nanda, Sarita and Chakravorty, Tatiana and Dash, PK},
  journal   = {Australian Journal of Electrical and Electronics Engineering},
  title     = {A new Taylor-LMS adaptive filter for parameter estimation of power signals including distributed generation systems},
  year      = {2016},
  number    = {3},
  pages     = {174--194},
  volume    = {13},
  publisher = {Taylor \& Francis},
}

@Article{6522142,
  author  = {J. {Gilles}},
  journal = {IEEE Transactions on Signal Processing},
  title   = {Empirical Wavelet Transform},
  year    = {2013},
  number  = {16},
  pages   = {3999-4010},
  volume  = {61},
  doi     = {10.1109/TSP.2013.2265222},
}

@Article{6908042,
  author  = {K. {Thirumala} and A. C. {Umarikar} and T. {Jain}},
  journal = {IEEE Transactions on Power Delivery},
  title   = {Estimation of Single-Phase and Three-Phase Power-Quality Indices Using Empirical Wavelet Transform},
  year    = {2015},
  number  = {1},
  pages   = {445-454},
  volume  = {30},
  doi     = {10.1109/TPWRD.2014.2355296},
}

@Article{enayati2017real,
  author    = {Enayati, Javad and Moravej, Zahra},
  journal   = {IET Generation, Transmission \& Distribution},
  title     = {Real-time harmonics estimation in power systems using a novel hybrid algorithm},
  year      = {2017},
  number    = {14},
  pages     = {3532--3538},
  volume    = {11},
  publisher = {IET},
}

@Article{6574296,
  author  = {C. {Rakpenthai} and S. {Uatrongjit} and N. R. {Watson} and S. {Premrudeepreechacharn}},
  journal = {IEEE Transactions on Power Systems},
  title   = {On Harmonic State Estimation of Power System With Uncertain Network Parameters},
  year    = {2013},
  number  = {4},
  pages   = {4829-4838},
  volume  = {28},
  doi     = {10.1109/TPWRS.2013.2273943},
}

@Article{bettayeb1998recursive,
  author    = {Bettayeb, Maamar and Qidwai, Uvais},
  journal   = {Electric power systems research},
  title     = {Recursive estimation of power system harmonics},
  year      = {1998},
  number    = {2},
  pages     = {143--152},
  volume    = {47},
  publisher = {Elsevier},
}

@Book{simon2006optimal,
  author    = {Simon, Dan},
  publisher = {John Wiley \& Sons},
  title     = {Optimal state estimation: Kalman, H infinity, and nonlinear approaches},
  year      = {2006},
}

@Article{Maximov1982Algorithms,
  author  = {Максимов, ЮА and Филлиповская, ЕА},
  journal = {М.: МИФИ},
  title   = {Алгоритмы решения задач нелинейного программирования},
  year    = {1982},
  volume  = {52},
}

@Article{Matthews2001numerical,
  author  = {Мэтьюз, ДГ},
  journal = {М., СПб.: Вильямс},
  title   = {Численные методы. Использование MATLAB.--3-е издание./ДГ Мэтьюз, КД Финк},
  year    = {2001},
  volume  = {716},
}

@InProceedings{popovici2018large,
  author       = {Popovici, Doru Thom and Low, Tze Meng and Franchetti, Franz},
  booktitle    = {2018 IEEE International Parallel and Distributed Processing Symposium (IPDPS)},
  title        = {Large bandwidth-efficient FFTs on multicore and multi-socket systems},
  year         = {2018},
  organization = {IEEE},
  pages        = {379--388},
}

@InProceedings{Altman2012definition,
  author    = {Альтман, ЕА and Елизаров, ДА},
  booktitle = {Инновационные проекты и новые технологии в образовании, промышленности и на транспорте},
  title     = {Определение фазы однотонального сигнала методом корреляционных функций},
  year      = {2012},
  pages     = {323--326},
}

@Article{McClellan1983Application,
  author  = {Макклеллан, Дж Х and Рейдер, ЧМ},
  journal = {М.: Радио и связь},
  title   = {Применение теории чисел в цифровой обработке сигналов},
  year    = {1983},
  volume  = {20},
}

@Article{4205098,
  author  = {E. {Jacobsen} and P. {Kootsookos}},
  journal = {IEEE Signal Processing Magazine},
  title   = {Fast, Accurate Frequency Estimators [DSP Tips Tricks]},
  year    = {2007},
  number  = {3},
  pages   = {123-125},
  volume  = {24},
  doi     = {10.1109/MSP.2007.361611},
}

@Article{jacobsen1994local,
  author  = {Jacobsen, Eric},
  journal = {Available online: http://www. ericjacobsen. org/FTinterp. pdf.[Accessed January 2013]},
  title   = {On local interpolation of DFT outputs},
  year    = {1994},
}

@Comment{jabref-meta: databaseType:bibtex;}
